2828 4936
670 243 847 309 -62-

519 343 542 394 a

207 403 557 529 proloquiturlpootu⁸
584 431 706 503 nullam
724 454 800 500 roro
823 451 898 501 cum
918 424 1021 500 flebili
1045 441 1153 500 cantu.
1202 432 1309 519 Quum

207 556 321 647 igitur.
328 567 436 646 postea
457 551 567 632 taam
587 563 622 623 et
643 553 773 632 tmere
794 565 962 642 poetarum
983 573 1043 619 nan
1063 550 1150 619 idem
1166 549 1311 630 valerent

208 692 242 744 at
260 677 444 768 promieeue
476 672 732 754 adhiberentur,
756 673 811 742 aed
831 674 982 764 primitur
1002 673 1238 764 significatione
1257 672 1311 740 di·

208 797 387 869 mrsraima
413 808 543 877 errent,
575 795 669 864 anxie
698 793 903 887 trepidarunt
922 794 1125 886 grammatici
1155 806 1192 861 ut
1226 791 1311 862 haue

208 940 291 1011 quae
312 918 388 1010 ipsiu
411 916 579 987 ridebatur
599 917 846 1009 repugnantium
869 915 1020 984 tollerent
1043 927 1076 983 et
1098 938 1198 1006 quum
1219 914 1311 984 ride·

207 1053 280 1108 rent
299 1039 418 1107 eruditi
439 1038 561 1109 nullior
577 1048 806 1129 argumentum
828 1037 968 1128 elegiae,
989 1059 1072 1127 quae
1094 1035 1225 1126 quidem
1250 1036 1311 1104 ho·

208 1161 331 1228 minum
350 1158 497 1227 manibus
517 1169 698 1237 tereretur,
724 1157 862 1248 lugubre
885 1180 974 1236 erae.
996 1157 1083 1248 ipooa
1108 1158 1204 1236 illoa,
1228 1180 1312 1249 quoa

209 1283 372 1373 principer
394 1303 463 1351 aare
483 1280 623 1349 ridimua
642 1279 860 1370 elegiacorum
888 1280 1066 1348 carminum
1088 1292 1221 1371 poetar,
1245 1281 1310 1346 iam

208 1416 397 1494 argumento
418 1402 543 1470 diuerso
561 1401 624 1469 hoc
650 1414 791 1469 metrum
810 1400 993 1468 adhibuiare
1014 1412 1209 1471 atatueruut.
1243 1398 1312 1470 Alii

210 1546 287 1592 aem
309 1522 347 1591 ari
365 1522 590 1612 inscriptiones
613 1520 824 1611 aepulcrelea,
848 1522 935 1590 unde
954 1522 1199 1610 explicationem
1217 1532 1312 1615 peta·

209 1657 301 1724 rent,
327 1644 543 1734 confugerunt
569 1641 668 1732 idque
686 1653 796 1722 recte,
821 1655 857 1710 ut
874 1640 957 1710 mihi
978 1641 1118 1712 uidetur.
1164 1643 1311 1730 Quorum

210 1767 401 1837 metentium
424 1764 581 1854 explicuit
603 1765 768 1832 Horatius.

233 1887 319 1956 ised
340 1900 376 1955 ut
392 1885 507 1954 eudem
529 1885 769 1976 regrediemur,
793 1907 833 1953 ex
851 1905 917 1975 quo
939 1885 1043 1952 omnia
1065 1882 1145 1952 haec
1164 1882 1312 1977 diaputa·

211 2011 377 2099 tio-quem
407 2006 569 2075 declinare
595 2027 661 2074 uon
691 2007 877 2099 potuimus,
914 2007 1009 2074 nobie
1035 2003 1211 2096 proluxit,
1242 2006 1313 2076 ela-

210 2129 309 2219 pipcie
325 2129 463 2197 manime
482 2129 623 2195 numeria
643 2141 807 2217 tamquam
836 2126 979 2216 legitimo
995 2139 1029 2194 et
1043 2128 1180 2195 solemni
1205 2140 1311 2196 metro

210 2250 346 2340 aonip'taa
374 2248 469 2315 iuiaae
493 2248 740 2338 inocriptiorrea,
772 2246 851 2314 hine
879 2269 1010 2338 quoque
1039 2260 1185 2328 uouerat,
1221 2247 1312 2340 quod

210 2370 364 2443 dicuutur
388 2370 519 2448 ἐλεγεῖα
548 2380 581 2434 et
609 2366 734 2448 terror,
771 2391 825 2435 ece
850 2390 980 2460 quoque
1002 2392 1084 2459 quae
1110 2370 1174 2438 alio
1205 2383 1312 2439 metro

209 2493 347 2584 aeriptae
361 2503 462 2559 aunt.
517 2488 563 2558 Ut
596 2489 763 2582 inscriptio
790 2489 982 2559 hexametris
1016 2490 1142 2558 ineluoa
1171 2493 1313 2574 iterator

209 2615 295 2704 apud
318 2609 496 2682 -Iiemoatln
527 2611 643 2680 Neaer.
678 2634 713 2702 p.
731 2615 830 2681 1378.
858 2617 913 2682 13.
944 2612 1086 2693 dicitur,
1110 2625 1142 2682 et
1173 2615 1208 2682 in
1239 2613 1313 2682 aliia

209 2735 291 2807 lunio
320 2757 403 2824 quor
429 2746 503 2800 ante
529 2754 582 2800 me
609 2732 809 2823 collegerunt
829 2735 891 2801 riri
919 2733 1034 2818 docti;
1070 2735 1211 2825 lleayclr.
1240 2737 1311 2807 tae

209 2863 309 2937 raia,
334 2854 380 2923 aa
401 2851 559 2938 ἐπιτέψαι
579 2857 754 2937 ποιήματα.
803 2855 1043 2947 Epigrammata
1065 2856 1170 2938 iterur
1194 2855 1313 2927 dieun-

211 2989 308 3046 tnra
335 2974 496 3066 liehagro
522 2975 564 3047 A.
584 2976 622 3048 Ρ.
640 2976 706 3055 1v,
728 2980 761 3046 1.
787 2979 843 3048 36.
873 2990 907 3046 et
934 2977 1073 3069 Agathia
1102 2978 1149 3049 ib.
1168 2985 1203 3049 3.
1231 2982 1309 3050 18⁰.

209 3097 358 3167 llolliarro
377 3095 447 3178 xl,
474 3099 551 3167 130.
577 3102 611 3170 3.
646 3096 773 3167 Lucilio
804 3098 851 3169 ib.
883 3120 915 3169 c.
944 3102 1019 3170 135.
1038 3104 1077 3189 ii.
1113 3100 1312 3193 Apollonide

211 3218 261 3301 X,
277 3220 342 3288 19.
368 3231 401 3287 et
422 3220 616 3288 Petroniuoo
643 3219 807 3302 Hartilio,
832 3234 869 3291 ut
892 3221 1022 3291 videtur
1047 3236 1143 3314 poeta
1163 3224 1312 3292 uomina·

211 3340 387 3420 turiniano,
412 3342 444 3408 in
467 3342 697 3432 epigrammate
718 3340 844 3409 coloeao
855 3342 1046 3410 Memnonen
1058 3343 1224 3437 inoculpto
1242 3344 1311 3436 pri·

161 3442 165 3449 ¹
211 3482 299 3530 runnu
316 3461 405 3531 edito
422 3484 439 3528 a
456 3461 633 3530 Letrurruio
646 3463 679 3528 in
698 3461 836 3552 eleganti
855 3464 1128 3535 commentatione
1145 3465 1186 3534 de
1207 3467 1312 3537 ilem·

211 3584 305 3652 nonio
323 3596 426 3651 atatuu
451 3584 565 3673 (Paris.
592 3582 693 3667 1833)
716 3607 752 3673 p.
774 3586 853 3654 224.

215 3738 220 3745 ·
299 3702 429 3780 Τούτοις
448 3711 513 3780 reia
536 3701 658 3782 tatere
680 3704 888 3787 l'larooorerlr
906 3728 943 3771 aa
963 3707 1094 3790 repaire

309 3852 312 3857 ·
362 3854 365 3863 ·
391 3824 534 3904 ariliano-r
557 3823 613 3907 1εῷ
631 3825 768 3902 μουσικὰ
785 3825 866 3908 δῶρα
884 3824 1005 3902 διδούς,

299 3945 450 4031 πατρόθεν
469 3944 571 4025 οὔνομ’
589 3943 673 4028 ἔχων
695 3949 910 4024 Ἀστίλιος,
936 3949 1057 4025 ’rraate
1077 3950 1196 4033 doale„
1283 3968 1286 3975 ·

257 4044 282 4105 ¹·
389 4064 480 4132 &aaa
502 4064 541 4133 eo
564 4089 617 4147 μοι
640 4065 718 4150 ζωὴν
735 4066 822 4150 δηρὸν
841 4063 925 4146 ἄναξ
943 4068 1086 4154 χάρισαι.

299 4185 414 4256 Πολλοὶ
438 4187 716 4271 ἄναστε1χουσι
741 4188 892 4269 lairacum
916 4188 947 4258 al
966 4195 992 4272 ρ’
1011 4189 1058 4258 ire
1080 4188 1215 4272 Μέμνων
1299 4242 1303 4247 -
