2828 4936
565 255 766 316 -143-

294 437 346 503 sel
370 436 506 522 γόμφων
529 435 611 505 οὗτοι
634 440 681 506 τοὶ
704 441 830 524 τθσνρεο
853 439 973 524 rspice,

200 557 360 643 ἄμφθξονν
382 585 418 627 τε
441 560 630 644 σκέπαρνον·
651 559 727 639 ὃδὴ
743 560 935 646 χμριέργῳ
957 560 1077 648 Ἀθάνᾳ
1148 641 1152 648 .

293 682 368 765 ὡνὴρ
388 682 425 748 ἐκ
443 682 562 766 τέχναις
582 682 691 750 ἄνθετο
710 683 923 766 παυσάμενος.

108 801 159 869 lle
177 803 283 890 prime
310 816 513 891 pentametro
541 805 748 872 hauddubie
770 806 1015 895 corruptissimo
1047 805 1214 885 annotavit

107 923 291 991 lleinelins
314 947 349 1013 p.
376 928 453 995 112.
485 926 545 991 sibi
567 926 789 1015 reponendum
818 925 922 993 videri
942 923 1048 992 κάλον
1067 927 1093 990 oi
1116 947 1212 1007 τοιχο·

109 1041 152 1108 νοὶ
173 1041 303 1124 degite,
329 1045 352 1112 i.
370 1067 400 1115 e.
424 1046 553 1135 rupidus
575 1047 734 1136 lignorum
757 1060 942 1126 voratores,
966 1046 1085 1137 quibus
1108 1045 1214 1112 serbis

108 1164 262 1229 runeinas
286 1165 448 1253 describi,
480 1190 559 1257 ques
580 1170 710 1235 omissas
736 1191 802 1235 esse
829 1169 862 1234 in
891 1167 977 1235 lebri
1004 1167 1134 1259 lignarii
1161 1169 1213 1234 iu·

108 1297 364 1354 strumentorum
395 1310 529 1354 recensu
561 1311 764 1380 naquaquam
796 1288 954 1358 credibile
982 1310 1063 1360 essu.
1110 1289 1216 1365 Voss·

109 1405 224 1475 bulum
256 1405 366 1489 βορεθς
398 1408 531 1475 aliunde
555 1432 619 1476 non
640 1411 829 1499 cognitum,
853 1423 887 1476 at
916 1420 1006 1478 reete
1040 1410 1214 1478 formatum

108 1551 191 1597 erae.
235 1527 319 1596 ttihi
341 1528 421 1596 haee
452 1532 503 1597 rix
532 1554 569 1597 ae
599 1555 639 1598 no
662 1535 713 1599 ria
737 1532 869 1623 quidem
898 1531 1079 1623 probabilia
1100 1529 1215 1598 rideu·

108 1663 177 1737 tur.
224 1649 308 1718 Nam
339 1662 375 1718 ut
404 1653 532 1719 mittam
556 1652 709 1720 dictionis
741 1652 969 1731 insolentiam,
993 1651 1035 1718 de
1066 1673 1130 1743 qua
1156 1672 1216 1718 aa·

107 1791 186 1861 espa
206 1768 339 1839 haerere
360 1774 461 1862 possit
489 1773 670 1854 iudicium,
693 1774 754 1840 hae
781 1796 881 1840 uuum
904 1772 954 1839 sel
978 1773 1114 1841 maxime
1136 1769 1216 1840 huis

107 1893 319 1961 coniecturae
343 1891 449 1959 obstet
469 1893 557 1982 quod
581 1895 626 1960 ita
655 1893 771 1984 copule
791 1894 846 1961 sal
868 1894 920 1961 rel
940 1893 978 1962 τθ
1000 1893 1215 1966 desideratur.

111 2013 208 2081 Vides
241 2015 328 2080 enim
363 2014 564 2104 singulorum
594 2017 883 2083 instrumentorum
912 2016 1045 2083 nomina
1078 2015 1216 2083 eoniuu·

107 2134 272 2201 etionibus
289 2156 431 2202 connexu
455 2158 534 2204 esso.
583 2134 676 2205 Unde
697 2158 757 2225 pro
773 2149 864 2203 eerto
886 2135 970 2203 effici
993 2146 1101 2227 potest
1117 2134 1216 2204 verba

106 2254 215 2324 κοίλων
238 2294 285 2306 -
302 2257 395 2342 βορέῃ
425 2256 465 2323 ad
496 2256 640 2337 στάθμαν
673 2257 841 2324 referenda
868 2281 948 2326 esse.
1006 2257 1099 2346 Quod
1134 2255 1215 2325 mihi

109 2379 233 2445 rectius
255 2378 409 2467 singulari
428 2400 564 2444 numero
584 2376 715 2458 στθθμμ
738 2376 837 2444 scribi
860 2358 1002 2449 uidetur.
1048 2379 1119 2445 lieo
1142 2378 1214 2444 loeo

109 2520 149 2564 ex
174 2497 318 2588 Philippi
340 2521 432 2565 uersu
457 2501 498 2568 Α.
520 2499 557 2567 Ρ.
580 2499 647 2577 Vl,
675 2502 751 2568 103.
783 2504 813 2566 l.

202 2616 353 2697 Στοὶθμην
373 2618 493 2695 Ξθντενῆ
513 2617 738 2700 μολοβοοχθέσ,
764 2617 928 2702 nonme
950 2641 986 2686 τε

292 2745 417 2824 σφῦραν
440 2742 492 2807 seri
517 2740 617 2823 φορὰς
640 2740 834 2825 οὶμφοδὲτσνς
856 2742 965 2825 cipibus

108 2862 259 2933 eouieeis
290 2862 342 2929 set
368 2861 473 2930 κάλων
496 2864 631 2939 Ξθντενὴς
655 2861 795 2945 μολίβῳ·
810 2860 963 2943 στθθμοο,
998 2847 1035 2927 ut
1057 2861 1215 2951 genitivus

107 2981 216 3049 κοίλων
236 2981 276 3048 ud
300 2981 431 3064 στθθμοο
451 2985 622 3053 referetur.
670 2983 734 3051 Sed
762 2984 835 3073 quis
856 2985 940 3050 talia
969 2997 1132 3074 praestare
1160 3004 1215 3049 re·

108 3104 176 3171 tit?
202 3103 402 3193 Pergendum
427 3104 466 3169 ad
490 3129 534 3172 rs.
556 3112 589 3173 7.
613 3105 671 3169 ubi
695 3104 787 3171 valde
808 3104 957 3194 displieut
971 3106 1111 3182 ὥκήεντοο
1130 3103 1215 3187 τέρε-

107 3250 183 3310 τρον.
232 3225 295 3293 Sed
318 3226 462 3315 placeret
483 3224 627 3302 θξήεντοο.
677 3218 771 3311 Quod
794 3225 836 3291 ab
863 3225 934 3303 ὀξύς
957 3225 1068 3291 eadem
1092 3228 1217 3294 ratione

109 3350 287 3417 formatam
319 3367 382 3437 qua
413 3344 520 3421 ὠκθεος
545 3344 586 3409 ab
607 3344 686 3418 ὠκύς
714 3360 746 3410 et
769 3345 893 3422 οἰτιὶεος
918 3345 959 3409 ab
982 3345 1078 3418 ariade
1098 3346 1217 3413 Leoni-

110 3470 173 3537 dae
202 3468 266 3559 Ep.
302 3470 344 3537 Δ.
370 3469 407 3537 Ρ.
431 3467 515 3544 ΠΙ,
541 3469 620 3532 273.
649 3471 680 3534 1.
735 3466 773 3533 lu
805 3464 967 3532 Leonidae
998 3467 1217 3557 inscriptionis

114 3614 161 3660 rs.
179 3597 213 3660 9.
248 3591 364 3659 Suidas
392 3589 542 3656 adieetisi
572 3588 739 3671 χορίερνος
764 3587 1065 3677 interpretationem
1085 3612 1124 3655 ex
1155 3587 1217 3656 hoe

114 3735 179 3779 uuo
207 3712 280 3779 loeo
305 3713 436 3779 ductam
461 3709 551 3778 dedit
572 3708 676 3775 hane:
703 3707 976 3792 θκεχοορντωμθνοο
999 3708 1216 3793 ἐργσζθμενος.

114 3833 209 3902 Unde
233 3833 397 3900 Iaeobsins
427 3833 606 3922 suspicatus
635 3843 682 3896 est
707 3853 780 3897 eum
812 3831 844 3897 in
876 3831 987 3898 codiee
1017 3853 1075 3897 suo
1106 3832 1218 3920 legisse

114 3955 265 4039 χαρνερνθ
284 4006 292 4020 .
341 3953 501 4044 Equidem
520 3953 645 4020 nullum
665 3955 771 4043 reperi
791 3953 1010 4032 uocabulum}
1030 3955 1123 4018 euius
1140 3976 1218 4019 aas·

116 4078 199 4166 logia
230 4077 326 4142 huius
359 4074 507 4142 vocabuli
547 4076 650 4142 forma
679 4073 810 4142 delendi
845 4076 965 4165 possit,
998 4096 1104 4163 neque
1134 4071 1217 4140 illud

116 4200 252 4290 pessime
287 4197 458 4265 formatum
494 4195 602 4264 disere
635 4220 758 4266 versor.
819 4199 1021 4287 Quapropter
1055 4195 1217 4264 lllinerrae
