2828 4936
674 256 878 318 -1-132-

410 441 479 505 άντ’
501 441 617 520 Ιἐρατῶν
635 438 732 522 δώρων
751 441 844 507 τῶνδε
862 441 957 523 χάριν
976 442 1110 521 θέμενος.

316 562 369 635 δδς
389 561 421 627 δί
440 586 505 642 μιν
528 561 729 629 εὐθυδίκων
751 562 940 643 Εὐωνυμίων
959 562 1001 629 ε’νί
1020 562 1107 644 διίμιρ

411 682 506 749 ναίειν
528 683 633 757 αἰῶνος
656 689 767 765 μοῖραν
785 682 890 765 ἔχοντ’
908 683 1042 764 άχαθιίν.

227 794 267 871 ln
292 826 358 894 quo
377 803 537 871 εὐθυδίκων
561 806 707 871 omniurn
739 805 910 872 tribulium
943 820 999 872 eut
1029 824 1229 895 paganorum
1260 804 1334 893 epi·
1400 808 1404 813 '

229 925 342 993 theton
373 949 438 992 oon
468 924 637 992 ferendum
667 938 727 991 est.
776 926 994 1012 Quamobrem
1019 926 1079 993 nisi
1101 924 1255 1009 εὐρυχόρῳ
1277 936 1337 991 aut

228 1045 416 1129 εὐθυμάχων
434 1045 640 1112 scribendum
668 1044 756 1136 quod
780 1059 886 1114 tamon
915 1050 1023 1114 minus
1043 1044 1213 1138 probabile
1242 1043 1337 1113 ride·

230 1181 282 1233 tur
297 1209 312 1246 ,v
332 1171 568 1235 Anacreontem
595 1167 756 1258 abripuisse
780 1178 883 1256 puto:

319 1288 367 1363 δός
380 1288 420 1368 ,δέ
439 1290 466 1355 oi
485 1287 629 1371 εὐθυδίκων
648 1286 838 1369 Εὐωνυμέων
860 1288 903 1354 ε’νί
928 1287 1015 1371 διίμιρ

403 1407 504 1473 ναίειν
526 1408 632 1483 uicisse
654 1415 765 1490 μοῖραν
787 1407 892 1489 ἔχοντ’
915 1410 1050 1487 άγαθιίν.

231 1529 291 1595 Oui
315 1529 427 1596 confer
451 1528 629 1596 lliotimuor
653 1529 694 1598 l.
718 1529 755 1598 P.
777 1530 842 1609 vl,
866 1532 946 1598 267.

319 1648 482 1733 Φωσφόρος
505 1646 527 1714 ὦ
547 1651 684 1732 σύτειρ’,
706 1648 760 1715 εἰσί
783 1649 952 1726 Παλλάδος
972 1648 1080 1718 ἕσταθι
1101 1654 1218 1733 κλήρων

404 1772 539 1852 Ἄρτεμι
560 1770 613 1836 καί
631 1770 742 1853 χαρίεν
760 1776 829 1854 Φῶς
849 1771 897 1836 ἑόν
919 1770 1002 1853 άνδρί
1023 1770 1122 1837 δίδου·

316 1937 328 1956 -.
353 1941 362 1954 .
388 1937 840 1959 ..............
863 1894 898 1959 οὐ
921 1893 986 1975 ράρ
1008 1893 1158 1976 άφαυρῶς

408 2012 444 2078 ἐκ
467 2012 541 2086 Διὸς
561 2013 653 2093 ίθείης
678 2009 740 2078 οἶδε
763 2011 912 2080 τάλαντα
929 2012 1027 2089 δίκης».

228 2131 318 2199 Idem
339 2145 448 2199 notum
468 2134 501 2199 in
520 2131 721 2222 Asclepiadis
738 2133 948 2223 inscriptione
969 2133 1009 2201 A.
1032 2132 1069 2202 P.
1092 2131 1143 2210 V,
1167 2133 1247 2202 202.
1274 2138 1310 2202 5.

318 2253 416 2336 Κύιιρι
436 2254 540 2337 Φίλη,
565 2254 605 2319 σύ
629 2255 661 2320 δὲ
683 2253 757 2338 τῇδε
777 2253 878 2336 πόροις
902 2253 1056 2336 νημερτία
1075 2254 1160 2330 νίκης

406 2373 519 2453 δόξαν,
543 2375 730 2456 ἀείμνηστον
752 2375 857 2455 τάνδ’
882 2378 1058 2442 ε’τιθεῒσα
1076 2375 1183 2459 χάριν.

228 2495 294 2564 Ubi
324 2494 363 2561 od
394 2495 528 2562 eandem
560 2518 706 2564 normam
732 2495 897 2563 leoobsius
931 2496 1084 2587 scripsitz
1122 2497 1207 2572 νίκης
1238 2494 1336 2575 δόξαν

123 2700 126 2705 .
224 2617 437 2695 decursiones,
462 2601 546 2693 τάνδ’
569 2615 720 2683 ἐπιδοῦσα
753 2616 870 2698 χάριν,
907 2616 961 2683 sed
993 2618 1126 2684 verbum
1163 2616 1332 2686 ἐπιδιδόναι

227 2737 280 2802 hic
302 2738 409 2803 locum
432 2759 495 2802 non
522 2735 632 2804 hebet.
680 2737 844 2804 Hactenus
872 2750 977 2805 tamen
1005 2737 1152 2806 Iucobsio
1173 2739 1332 2808 ementior

225 2858 411 2937 ἀείμνηστον
438 2857 558 2923 rectius
591 2879 665 2922 cum
688 2855 780 2933 δόξαν
808 2859 961 2948 coniungi
985 2882 1082 2950 quarn
1114 2881 1189 2929 cum
1221 2860 1328 2944 χάριν.

228 2980 333 3063 Quare
356 2975 550 3044 maluerim:

405 3095 498 3175 δόξαν
519 3098 730 3179 άείμνηστον,
754 3099 841 3168 τῶνδ’
861 3102 1002 3171 ἕτιθεῖσα
1020 3100 1125 3184 χάριν.

225 3219 263 3286 ld
294 3218 382 3309 quod
412 3218 602 3311 explicatius
635 3221 714 3287 dixit
747 3223 939 3290 Anacreon:
975 3223 1047 3288 ἀντ’
1067 3222 1197 3305 ,ἐρατῶν
1232 3223 1329 3307 δάρων

223 3342 316 3408 τῶνδε
348 3339 444 3425 χάριν
471 3340 605 3422 θέμενος.
654 3345 806 3410 Attamen
840 3365 956 3434 negare
991 3366 1053 3409 non
1088 3343 1190 3410 ausim
1220 3368 1327 3413 rernm

223 3476 339 3552 poetae
361 3486 492 3530 manum
517 3476 696 3532 assecutum
720 3488 785 3530 esse
805 3462 1118 3546 Schneidewinum,
1144 3467 1202 3554 qui
1229 3465 1326 3549 χάρις

224 3584 265 3649 de
285 3584 419 3649 donario
442 3583 613 3674 Plangonis
636 3585 887 3675 interpretatus,
912 3583 1074 3649 coniecit:
1119 3624 1123 3629 -

403 3705 591 3786 άείμνηστον
612 3706 702 3784 τάνδε
725 3708 847 3772 τιθεῖσα
868 3703 974 3787 χάριν.

224 3826 313 3893 lnter
334 3828 579 3918 inscriptionem
603 3826 831 3917 Thespiensem
852 3839 885 3893 et
907 3825 1122 3915 Cyzicenum,
1148 3849 1228 3917 quas
1249 3849 1326 3918 pro·

223 3966 296 4040 pter
319 3964 456 4018 aetatem
484 3974 548 4040 qna
579 3950 717 4037 scriptae
740 3960 813 4014 sunt
846 3946 1003 4014 hocloco
1039 3948 1221 4016 tractandas
1244 3947 1322 4015 mihi

223 4074 358 4164 putari,
383 4071 487 4140 media
521 4073 638 4138 inserta
670 4069 787 4160 legitur
817 4069 985 4158 inscriptio
1009 4070 1115 4137 Attica
1146 4093 1244 4160 quern
1270 4069 1323 4137 Si·

222 4192 346 4260 rnonidi
372 4189 575 4260 tribuendum
607 4212 673 4260 esso
702 4189 784 4260 sidit
809 4188 1073 4262 Schneidewinus
1099 4191 1138 4261 οὐ
1161 4191 1322 4262 Simonid.
