2828 4936
560 275 736 335 ...93-

94 454 226 547 Smyrn.
250 457 318 535 Vl,
355 460 430 529 139.
464 456 661 538 ἰσχανόωνται
682 458 865 536 7γοέοοονοπος
904 456 997 540 θρέψε
1030 461 1080 536 tol
1119 482 1195 525 ποτε

92 577 223 659 κεμμοὶς
247 575 346 658 μοοζον
375 577 578 659 ἐπισχομένη.
628 577 692 645 Ubi
721 579 828 645 editur
852 578 1064 661 ὑποσχομένη.
1092 582 1131 666 Δ.
1159 581 1195 648 Ρ.

92 700 163 779 lx,
189 702 268 767 224.
294 705 325 766 5.
357 694 379 781 ᾧ
405 699 470 781 χοὶρ
498 697 634 779 ἐπέσχον
665 697 764 780 μοοζὸν
787 697 872 779 ἐμύν.
909 699 1022 767 Pollux
1043 700 1115 778 ΙΙΙ,
1143 705 1196 768 10.

92 824 283 899 ἦπεκοῦοοο,
309 823 326 896 ἦ
342 821 464 901 μοοοπέν
476 822 683 902 ε’ποσχοῦοοοἰ
699 824 738 895 ὥς
752 827 929 904 Σοφοκλῆς.
956 822 1058 889 Versu
1081 823 1198 912 quinto

94 940 324 1010 scribendum:
344 944 402 1009 ,ἐπ’
426 940 579 1020 εύξέοποοο
604 941 727 1009 velabri
755 939 874 1018 ξεστοῖο
898 981 944 991 -
966 943 1087 1025 πέτρον.
1135 943 1198 1009 La·

93 1063 145 1154 pir
175 1063 259 1128 enim
274 1063 473 1152 sepulcralis
488 1094 499 1141 ,·
523 1064 555 1142 in
585 1062 746 1151 quo-hoo
773 1064 967 1154 epigramma
1001 1064 1196 1154 insculptum

94 1184 281 1274 legebatur,
308 1181 392 1248 haud
418 1183 517 1250 dubie
537 1182 646 1262 ξεστύς
672 1184 749 1251 fuit.
786 1185 836 1251 lta
858 1184 1011 1251 Pindarus
1031 1183 1127 1252 Nem.
1146 1185 1195 1263 Χ,

93 1309 152 1375 67.
175 1305 256 1374 ένύεν
279 1304 479 1389 οὶρπύξοονπες
507 1303 637 1386 ἄγαλμ’
658 1307 768 1382 ’Albam
793 1304 902 1384 ξεστὸν
930 1305 1049 1388 πέτρον.
1099 1305 1195 1371 ΡΗ

94 1427 195 1495 oodex
214 1428 366 1510 ύμέροοος.
415 1426 501 1519 illud
520 1428 662 1493 restituit
684 1425 848 1516 Scaliger,
874 1447 971 1516 quam
1003 1425 1104 1492 secuti
1123 1437 1198 1492 sant

95 1551 278 1617 Brunelius
309 1563 341 1616 at
370 1548 551 1615 Lobeokius
582 1546 737 1615 Technol.
773 1570 806 1636 p.
831 1552 885 1614 54.
933 1547 972 1613 ln
1006 1551 1095 1614 vn9
1125 1568 1197 1611 eor·

94 1682 226 1762 ruptum
254 1669 378 1736 ridetur
403 1669 669 1751 κοοτοοχροοίνονπο,
695 1665 749 1734 sed
774 1666 861 1756 quod
888 1690 945 1758 per
966 1690 998 1733 se
1019 1679 1197 1757 spectatum

94 1790 263 1882 probabile
287 1790 388 1856 rideri
414 1793 514 1881 possit
541 1790 796 1871 κοποορροοένοοπο,
832 1788 865 1854 id
895 1802 1029 1879 propter
1051 1787 1195 1854 additum

95 1913 244 1994 ὑγροίνοον
270 1911 367 1978 habet
391 1911 478 2001 quod
513 1911 693 2000 displiceat.
732 1911 845 1976 ,Etiam
880 1912 942 1975 alia
966 1921 1140 1976 occurrunt
1163 1910 1196 1975 in

96 2034 291 2123 Antbologia
314 2032 502 2121 Meleagrica
532 2031 696 2108 earmina,
721 2052 803 2119 quae
833 2029 973 2118 intelligi
1007 2043 1195 2119 nequeunt,

98 2155 159 2222 nisi
181 2155 289 2220 animo
312 2152 371 2220 tibi
401 2153 553 2220 informes
576 2150 748 2240 imaginem
779 2147 952 2239 anaglyphi
978 2148 1117 2238 lapidis,
1143 2150 1196 2215 eoi

95 2275 272 2364 subscripta
298 2274 442 2342 luerunt.
490 2275 536 2342 Ut
567 2272 764 2360 epigramma
789 2268 955 2359 Posidippi
990 2269 1029 2337 A.
1054 2269 1089 2337 P.
1112 2270 1196 2349 Vll,

98 2399 174 2463 170.

185 2516 247 2581 Τὸν
270 2522 373 2597 τριετῆ
397 2511 551 2594 ποοίζοντοο
574 2510 641 2593 περὶ
666 2510 765 2593 Φοέοορ
790 2508 1017 2592 Ἀρχεύνοοκποο

274 2632 397 2700 εἴδωλον
419 2636 545 2715 μορφᾶς
569 2632 673 2714 κωφὸν
696 2629 924 2697 ἐπεσπάσατο·

186 2757 220 2822 ἐκ
240 2756 267 2822 δ’
287 2753 397 2830 ύὸοοτος
417 2754 469 2820 τὸν
492 2753 593 2820 ποοῖδοο
610 2751 777 2835 δνύβροχον
800 2748 923 2836 liparam
943 2749 1049 2834 μύπηρ

276 2874 476 2954 σκεπτομένη
499 2873 579 2955 ζωᾶς
603 2873 633 2938 εἴ
654 2899 726 2940 ravat
749 2881 858 2956 μοῒροον
882 2872 969 2955 ἔχεο·

159 3063 163 3068 ,
187 2995 332 3079 Νύμφοος
353 2996 379 3062 δ’
392 2998 453 3071 Ιούκ
473 2995 596 3074 ε’μίηνεν
617 2995 631 3060 i
652 2996 778 3072 νήπιος,
804 2995 881 3059 ἀλλ’
902 2994 954 3060 ἐπὶ
978 2993 1094 3073 γούνων

259 3118 394 3199 ,μητρὸς
415 3117 570 3195 κοομοούεὶς
590 3117 644 3182 τὸν
662 3117 780 3199 μοοκρὸν
800 3114 893 3183 ὕπνον
915 3116 995 3198 ἔχει.

97 3240 197 3307 vno
229 3237 329 3305 altero
362 3238 435 3304 loeo
467 3239 499 3303 in
535 3237 647 3304 ooaliea
678 3237 825 3303 Palatino
847 3236 989 3326 legitur:
1015 3238 1067 3303 πον
1096 3236 1197 3317 βούὺν

95 3360 188 3428 ὕπνον
220 3359 309 3443 ἔχεο,
335 3357 420 3450 quod
451 3357 546 3446 vulgo
576 3357 617 3423 ab
645 3357 822 3446 editoribus
852 3368 1016 3446 receptum
1047 3371 1116 3437 est,
1141 3359 1196 3426 aed

95 3485 147 3550 πον
163 3481 282 3565 μοοκρὸν
303 3481 396 3548 unice
423 3491 548 3546 rectum
573 3477 688 3546 babeo.
740 3477 897 3547 Ultimum
922 3477 1083 3545 distichon
1113 3480 1165 3547 ref
1183 3515 1197 3533 ·

95 3603 232 3672 rendum
267 3603 305 3670 ad
337 3603 508 3692 imaginem
538 3600 736 3691 anaglyphi.
770 3602 802 3666 in
840 3623 904 3690 qno
937 3601 1197 3691 conspiciebatur

97 3738 200 3794 mater
230 3724 333 3791 filium
360 3735 522 3789 mortuum
555 3722 587 3787 in
618 3724 688 3787 sinu
713 3721 835 3792 loreas.
883 3720 1005 3789 Eodem
1028 3744 1197 3790 recurren-

97 3847 174 3915 dum
210 3844 250 3912 ad
281 3844 507 3935 explicandum
543 3843 711 3910 Xenooriti
742 3845 939 3933 epigramma
974 3844 1014 3910 A.
1046 3845 1082 3912 Ρ.
1105 3844 1167 3911 VII
1185 3894 1195 3925 ,

97 3972 177 4037 291.

190 4088 308 4154 Χοοῖποοί
330 4110 383 4152 σον
403 4085 567 4168 σπύζουσνν
588 4086 628 4152 ἔθ’
650 4086 811 4169 οὶλμνοοὶ,
824 4087 950 4168 δύσμορε
971 4086 1059 4167 κούρη

280 4209 417 4307 νοουηχέ,
443 4207 593 4291 φύνμένης
617 4210 660 4274 εἰν
685 4207 762 4283 atat,
789 4206 955 4281 Annaliun·
