2828 4936
677 240 882 305 -128—

231 446 323 521 ptum
352 432 455 498 fertur
486 432 518 495 in
546 450 703 495 marmore
732 430 764 494 in
788 428 890 496 insula
914 428 951 496 lo
971 440 1119 519 reperto,
1144 430 1230 521 quod
1251 453 1333 501 eon·

222 553 343 618 lictum
377 575 443 620 esse
483 565 516 618 at
545 550 690 640 spurium
725 547 837 616 docuit
868 547 1062 617 Welolrarus
1099 551 1216 621 lliurn.
1248 556 1330 626 Aut.

232 676 331 742 1844.
361 697 397 764 p.
415 676 493 740 300.
543 673 647 757 Quem
676 669 772 735 latuit
797 669 892 735 verba
924 683 1095 760 corrupta:
1132 669 1331 757 οἵδ’-ἔλαχον

222 801 347 870 -νασῖπις
378 795 413 862 οὐ
444 793 509 875 γάρ
539 793 572 860 ἐν
599 791 692 875 άλλρι
720 795 847 870 πνεῦμα
878 793 973 858 θανών
1001 815 1039 859 ex
1072 793 1133 859 hoc
1162 796 1330 886 Antipatri

228 918 457 1006 epigrammata
478 913 575 980 ducta
597 935 675 981 esse.

272 1035 337 1103 Sed
360 1034 474 1102 dubito
495 1057 534 1101 an
557 1035 590 1101 in
611 1035 767 1124 Meleagri
792 1034 989 1126 Anthologia
1013 1036 1096 1102 lecta
1115 1037 1238 1104 fuerint
1259 1039 1332 1128 epi·

222 1169 401 1247 grammata
432 1157 474 1225 A.
504 1156 540 1225 P.
562 1157 628 1235 Vl,
654 1159 733 1225 342.
770 1161 823 1224 oui
857 1155 1076 1246 adscriptum:
1113 1156 1264 1241 άνάθνμα
1287 1170 1329 1245 τῇ

225 1279 341 1365 Ἀθηνᾷ
372 1276 462 1362 παρά
493 1283 552 1345 τῶν
582 1276 778 1360 Κυζικηνῶν,
805 1290 837 1344 et
859 1277 905 1345 vl
918 1327 928 1357 ,
953 1281 1032 1346 344.
1066 1280 1158 1345 cuius
1188 1281 1326 1349 lemmar

224 1400 276 1466 ἐπὶ
297 1400 340 1482 τῷ
364 1399 396 1464 ἐν
418 1406 572 1472 Θεσπιαῖς
595 1399 705 1481 βωμῷ.

314 1520 449 1587 Θεσπιαὶ
473 1520 630 1603 εὐρύχοροι
653 1519 790 1601 πέμψαν
813 1520 889 1585 ποτὲ
913 1517 1019 1594 ποάςδε
1039 1517 1097 1585 σὺν
1116 1517 1222 1597 άπλοις

403 1642 552 1725 τιμωροὺς
570 1638 724 1724 προγόνων
746 1639 909 1724 βάρβαρον
929 1641 973 1716 εἷς
997 1640 1125 1716 Ἀσίην,

312 1756 339 1828 o‘l
358 1767 432 1843 μετ’
454 1761 659 1845 Ἀλεξάνδρου
682 1767 804 1844 Περσῶν
827 1759 911 1836 άστκ
936 1759 1119 1836 καθελόντες

403 1891 524 1960 στῆσαν
546 1882 753 1966 ἕριβρεαέα
776 1881 938 1948 δαιδάλεον
961 1880 1102 1964 τρίποδα.

223 2005 311 2090 Quos
341 2027 448 2071 sersus
482 2004 602 2095 tripodi
635 2005 807 2094 inscriptos
827 2003 923 2070 luisse
943 2003 1038 2070 docet
1068 2027 1247 2094 pronomen
1270 2004 1326 2074 ala·

223 2127 469 2217 monstrativum
480 2124 603 2201 τούςδες
630 2128 760 2191 nominc
772 2136 878 2191 autern
900 2125 1042 2192 militum
1060 2125 1323 2217 Thespiensium‚

222 2246 374 2334 quicum
402 2245 585 2313 Alexandro
607 2246 747 2339 profecti
768 2259 881 2324 erant,
907 2246 1042 2312 inferius
1063 2246 1226 2337 adscripta
1254 2247 1327 2316 iue-

221 2380 312 2434 runt.
362 2366 569 2457 Compararit
598 2368 762 2435 lacobsius
796 2365 961 2433 Philiadae
990 2368 1210 2458 inscriptionis
1239 2369 1324 2460 frag·

218 2499 364 2555 mentum
384 2489 418 2554 in
442 2485 654 2577 Thespienses
678 2511 694 2552 a
716 2488 820 2555 Persis
841 2510 966 2557 caesos:

309 2606 414 2691 άνδρες
435 2609 484 2674 τοί
505 2613 576 2675 ποτ’
597 2607 694 2674 ἔναιον
714 2608 773 2674 ὑπὸ
793 2607 960 2692 κροτάφοις
981 2614 1142 2683 Ἑλικῶνος

400 2730 601 2809 alcanica
621 2732 723 2811 αὐχεῖ
742 2729 884 2802 Θεσπιάς
909 2728 1093 2812 εὖράχορος,

221 2874 252 2919 r.
275 2853 364 2941 App.
388 2851 452 2939 Ep.
477 2853 533 2920 94.
580 2851 662 2919 Inde
682 2853 715 2917 in
740 2863 850 2916 nostro
880 2853 1020 2917 carmine
1044 2849 1232 2941 explicanda
1254 2874 1324 2919 rer·

221 2971 261 3036 ha
283 2969 431 3053 τιμωροὺς
452 2970 617 3055 προγόνων.
667 2968 844 3061 Epitheton
877 2986 984 3039 autem
1014 2971 1181 3055 ἕριβρεριέα
1201 2972 1325 3065 tripodi

219 3092 377 3158 tributum
407 3095 482 3161 satis
512 3091 676 3160 rideretur
706 3105 818 3182 aptum
850 3117 941 3175 esse,
976 3096 1002 3160 si
1034 3117 1138 3161 sermo
1170 3106 1252 3162 esset
1283 3096 1324 3162 de

218 3211 324 3281 lebete
348 3215 571 3300 ἕρκποριβνὶτρ,
597 3213 716 3305 tripodi
748 3238 825 3281 aero
847 3215 916 3282 Diis
941 3215 1049 3282 oblato
1073 3239 1137 3283 non
1158 3217 1324 3284 convenit.

220 3335 432 3428 corruptelae
455 3338 669 3429 suspicionem
690 3349 785 3426 auget
805 3337 927 3427 syllaba
949 3338 1050 3404 brevis
1072 3338 1105 3404 in
1129 3338 1324 3428 pentametri

217 3478 369 3536 caesura,
404 3480 502 3549 quam
533 3457 735 3548 transpositis
768 3455 986 3525 hemistichiis
1019 3458 1105 3524 tollit
1134 3458 1324 3538 lacohsius,

219 3590 252 3644 et
276 3578 337 3645 Ilei
365 3601 506 3658 nomen,
531 3580 585 3645 eui
613 3578 714 3667 tripus
747 3575 1012 3655 dedicaturum,
1050 3580 1215 3648 omissum.
1263 3579 1324 3649 llis

218 3697 462 3767 difficultatibus
486 3720 656 3767 occurrere
676 3697 774 3775 lieet,
800 3699 943 3788 scripto:

306 3828 427 3898 στῆσαν
451 3817 655 3904 Ἐριβρεμέτρ
677 3817 839 3886 δαιδάλεον
862 3817 1017 3902 τρίποδα,

219 3943 243 4010 i.
266 3965 296 4010 a.
333 3943 403 4011 Iovi
434 3941 584 4008 Tonanti.
630 3940 679 4007 ltn
706 3939 886 4007 Mercurius
920 3938 1039 4006 dicitur
1072 3939 1186 4023 Ἀρκάς
1218 3946 1260 4012 A.
1281 3944 1318 4011 Ρ.

218 4063 287 4141 Vl,
313 4067 391 4130 315.
416 4065 449 4127 2.
483 4072 515 4127 ct
543 4062 712 4139 Κυλλήνιος
746 4059 949 4150 Simpliciter
977 4083 995 4125 a
1027 4059 1181 4152 Philippo
1216 4065 1256 4134 A.
1281 4066 1320 4135 Ρ.

217 4184 283 4263 Vl,
309 4188 365 4252 92.
390 4186 423 4252 6.
449 4196 480 4248 et
503 4181 671 4273 Neptunus
689 4184 798 4258 Ἅλιος
822 4183 912 4255 Plan.
935 4186 1013 4253 214.
1041 4189 1073 4253 5.
