2828 4936
589 290 745 329 ...0—

121 456 231 521 animo
261 450 342 520 mibi
369 455 466 521 fixum
493 454 595 521 haesit
620 453 790 521 dicterium
820 455 986 535 volantati,
1012 455 1118 548 quiid
1138 475 1220 526 'oon-

120 577 204 642 ririo
226 573 301 639 cibo
322 575 468 666 apposito
493 596 557 641 non
581 596 654 642 usus
680 573 805 641 fastidii
835 577 961 643 causam
975 575 1116 668 'aperuit
1140 602 1220 669 quo·

120 694 186 763 mla
207 717 282 763 eum
305 692 397 764 nullo
412 695 493 765 sate
506 693 677 764 conditum
703 696 769 764 csse
795 696 835 763 ad
857 699 957 765 instar
976 699 1220 790 Epigrammatis

120 821 237 888 Gracci
268 818 359 886 nullo
393 821 542 886 acumine
577 820 688 887 saliere
721 819 832 910 lepore
863 823 1101 910 praestantis.··
1126 822 1219 910 Quod

118 937 240 1020 domo,
274 931 311 1007 dt
350 940 503 1022 ridetur,
545 938 677 1008 allatum
720 953 752 1006 ct
782 963 802 1008 a
832 941 899 1007 siro
938 941 1122 1031 profectum
1162 942 1219 1030 qui

118 1063 150 1129 in
174 1056 332 1129 conviviis
350 1072 384 1129 ot
411 1061 543 1128 circulis
574 1059 673 1127 multa
704 1062 816 1128 tostire
845 1059 1080 1153 commodeque
1110 1062 1219 1130 dicata

117 1182 261 1263 solebat,
293 1181 373 1249 mibi
395 1177 579 1249 innotuerat
598 1203 636 1247 cx
663 1179 785 1248 <notatis
809 1181 891 1272 quas
909 1178 1137 1270 Bilderdyliu's
1161 1179 1219 1248 ad·
1243 1162 1245 1165 ⁵

116 1293 215 1372 didit'
232 1297 379 1372 versioni
409 1300 613 1393 Hymnorum
635 1301 845 1370 -Gallimaohi-
870 1303 1041 1370 vernaculo
1071 1300 1218 1372 sermone

116 1424 296 1494 confectae.
343 1423 447 1515 quue
477 1447 551 1491 sanc
584 1424 631 1490 ria
655 1416 795 1514 'dignum
825 1424 989 1493 rideretur
1020 1426 1114 1493 cuius
1133 1426 1216 1492 inter

115 1546 260 1614 eruditos
271 1547 364 1613 tieret
376 1536 518 1625 mentio,
544 1546 605 1612 nisi
619 1539 814 1636 expedientia
827 1542 1029 1638 compertum
1041 1545 1215 1625 haberem,

115 1689 179 1734 non
211 1680 336 1735 tantum
367 1659 560 1735 semidoctos
585 1670 642 1759 qui
672 1667 770 1759 vulgo
795 1668 1006 1759 elegantiores
1032 1667 1214 1746 habentur,

116 1810 224 1855 rerum
245 1787 512 1856 ctiam'eruditos
529 1801 562 1856 et
585 1788 777 1857 eruditionis
799 1780 896 1858 laudo
918 1790 1026 1857 claros
1040 1782 1131 1856 -iiros
1149 1788 1216 1855 fat·

120 1910 237 1976 sissima
258 1909 413 2001 opinione
427 1908 506 1976 duci
519 1925 542 1990 ,’
555 1901 669 1998 poetas
680 1910 982 1998 epigrammataai'os
1005 1902 1143 1978 Graecos
1164 1931 1216 1975 ar·

120 2030 223 2119 gutiae
249 2031 388 2097 maxime
411 2029 569 2096 studuisse
594 2042 627 2096 et
652 2031 776 2098 facetiis
802 2051 924 2121 eosque
949 2029 1135 2098 ioculariter
1164 2029 1216 2096 lu·

115 2151 227 2219 dantes
257 2165 313 2219 aut
344 2152 460 2219 fcslite
488 2153 615 2219 dicaces
638 2166 669 2220 et
694 2154 859 2243 ingeniose
889 2152 1056 2220 mordaces
1088 2166 1214 2243 semper

115 2272 216 2342 tolum
248 2271 382 2362 aliquod
412 2272 566 2340 iaculatus
596 2297 663 2343 esse
696 2275 789 2340 cuius
816 2274 964 2341 aculeum
989 2276 1023 2340 in
1055 2268 1212 2341 lectorum

115 2395 230 2462 animis
257 2393 400 2484 relinqui
428 2413 598 2483 cuperent.
647 2392 741 2481 Quod
771 2404 840 2460 non‘
862 2395 1050 2483 refugerunt
1080 2393 1213 2483 quidem

24 2595 26 2598 v
114 2536 173 2583 nec
194 2516 374 2583 omiserunt
395 2536 549 2605 prorsus,
575 2515 631 2582 sed
654 2515 777 2605 sylloge
800 2515 1004 2593 carminum,
1036 2514 1214 2604 inquibus
1240 2536 1246 2546 ⁴

113 2637 176 2704 boc
199 2650 357 2727 ogerum,
381 2638 515 2704 minima
539 2649 587 2704 est
610 2635 827 2727 dntbologiao
858 2657 956 2727 μη,-
978 2636 1213 2704 matinanta

35 2759 38 2766 “
112 2758 306 2849 florilegium
334 2759 608 2849 inscriptionum,
642 2762 783 2849 'quarum
806 2755 901 2846 longe
921 2754 1081 2848 plurimae
1103 2752 1212 2825 revera

110 2879 324 2947 marmoribus
351 2880 468 2948 incisae
500 2879 657 2960 fuerunt,
681 2867 827 2970 reliquae
845 2879 899 2945 ita»
918 2879 1059 2969 auripluo
1079 2889 1153 2947 sant
1176 2894 1212 2947 ut

110 2996 210 3089 lapidi
242 2999 422 3090 insculptae
452 3000 550 3069 luisse
587 2999 691 3068 sideri
726 3000 863 3090 possint.
917 3001 985 3067 lam
1014 3001 1210 3091 antiquiores

109 3121 195 3187 enim
211 3120 478 3210 epigrammatum
492 3122 672 3211 scriptores
686 3122 905 3200 carminibus,
927 3121 1044 3211 quibus
1067 3104 1210 3191 virorum

106 3241 194 3308 fama
218 3238 378 3305 nobilium
402 3240 456 3305 aed
479 3239 829 3309 dudum‘mortuorm'n
858 3244 1047 3310 memoriam
1064 3244 1212 3311 celebra·

107 3371 207 3438 runt,
234 3358 454 3449 inscriptionis
484 3358 621 3426 formam
646 3359 864 3441 addiderunt,
889 3383 953 3450 qua
975 3366 1081 3452 speeie
1101 3366 1134 3430 in
1158 3388 1211 3431 ar·

105 3491 262 3572 gumento
286 3477 412 3548 diverso
433 3502 509 3547 usus
532 3493 581 3547 est
606 3482 704 3548 etiam
727 3468 937 3549 reclametur
956 3482 994 3549 in
1011 3484 1154 3551 carmine
1174 3489 1212 3552 in
1329 3485 1332 3488 ’

107 3623 221 3669 narem
243 3600 395 3668 Hieronis
419 3591 521 3668 mirac
542 3587 770 3692 magnitudinis
791 3614 823 3669 et
845 3604 1104 3693 magnificentiae
1121 3598 1207 3698 apud

109 3721 229 3791 Athon.
249 3723 299 3799 V,
320 3724 390 3790 *209
414 3720 453 3791 (l.
502 3722 600 3789 Plane
631 3721 743 3790 eadem
776 3724 899 3789 ratione
922 3723 960 3789 ed
991 3719 1208 3818 inscriptionis

108 3864 252 3911 normam
277 3844 459 3933 conscripta
483 3855 570 3910 sunt.
589 3843 716 3934 aliquot
748 3867 846 3935 parra
878 3849 1019 3913 carmina
1040 3849 1206 3915 onerassed

108 3964 172 4032 sire
187 3966 301 4067 potius
318 3963 440 4045 rodopa
461 3963 618 4042 dicenda,
645 3964 763 4054 quibus
780 3966 1107 4056 etiam-antiquissimi
1125 3990 1205 4059 poo—

109 4095 160 4152 tae
183 4086 330 4152 inimicos
357 4085 488 4175 petiisse
512 4083 672 4154 videntur.
719 4087 769 4152 lta
792 4085 973 4154 Simonides
998 4089 1205 4157 Timocreon-

109 4219 170 4273 tem
193 4206 254 4272 sibi
277 4205 421 4272 odiosum
443 4204 534 4274 laesit
558 4203 719 4288 disticho,
748 4208 785 4276 d.
805 4208 840 4280 P.
861 4209 945 4289 vn,
972 4213 1050 4278 348.
