2828 4936
599 238 793 306 -145-

163 421 254 513 Quod
278 445 394 491 nomen
414 422 562 491 derensis
584 438 753 515 posterum
774 449 831 495 usn
855 429 1113 519 frequentatum,
1140 452 1170 503 s.
1197 434 1260 528 tp.

161 538 226 616 tttr.
244 545 299 625 ll,
325 548 404 616 cot.
428 543 571 637 Oppinn.
597 546 672 617 llsl.
691 548 764 629 ΙΙΙ,
791 552 871 619 240.
895 554 973 619 312.
1000 556 1076 622 428.
1107 555 1156 635 V,
1180 556 1259 626 296.

159 668 198 755 Q.
221 665 353 757 Smyrn.
375 667 443 747 Vl,
474 672 549 737 105.
599 648 935 739 Alterum.leonidne
955 695 1083 742 carmen
1105 680 1261 745 senatoris

156 789 300 857 donariis
323 791 514 881 inscriptum
543 789 708 879 legebatur
730 791 813 863 boc:

250 911 421 994 ’Λστεροφῆ
442 907 602 993 ποδάγρνν
623 910 676 977 set
697 906 849 989 δούνοοκοορ
868 915 1127 1000 οὶντνντιῑροορ.

340 1031 392 1099 κοῶ
413 1031 487 1098 λίνον
508 1031 560 1097 uel
580 1033 673 1114 γνρὸν
692 1037 783 1100 τοῦτο
807 1034 1034 1115 λοιγονοβόλον.

250 1150 395 1228 ἰοδόκην
413 1151 465 1219 κοῶ
490 1156 597 1219 τοῦτον
617 1153 667 1217 ἐπ’
686 1151 791 1233 ὅρτνρο
811 1155 1017 1237 τετροονῶὲντοο

338 1273 433 1341 οοῶλὸν
454 1273 506 1341 recl
530 1279 685 1341 πλωτῶν
708 1274 858 1349 εὖπλεκὶρ
877 1273 1078 1359 deditiones,

249 1395 374 1477 Ἑρμείῃ
394 1393 561 1468 Σῶσοππορ
581 1392 649 1461 ἐπεὶ
674 1394 870 1476 ποορενῆξοοτο
888 1396 924 1463 τὸ
947 1401 1048 1465 πλεῦν

339 1514 438 1594 ἥβης,
464 1517 498 1581 ἐκ
522 1515 622 1597 γήρως
646 1515 672 1582 δ’
695 1516 822 1600 rupert„
845 1517 976 1587 diderat.
1096 1574 1101 1585 .

157 1634 258 1705 Versu
277 1635 384 1725 primo
410 1634 584 1703 Solmnsius
605 1648 638 1703 et
657 1636 838 1705 Bsunclrius
861 1639 1070 1725 νοῶνκτνῑροορ.
1097 1637 1260 1707 Bernltnr·
1343 1666 1348 1673 ·

157 1755 239 1847 dyus
271 1753 311 1823 ed
343 1754 439 1825 Suid.
468 1779 499 1825 r.
529 1755 705 1839 οὶστεροφέοο
738 1759 916 1848 auspicatus
948 1771 996 1826 est
1024 1760 1257 1845 cismarinas.

155 1870 336 1949 ldeinekius
360 1900 394 1967 p.
418 1880 493 1947 rto.
525 1898 600 1947 cuns
623 1877 756 1946 linislio
782 1876 994 1961 οἰνοποτῆρας.
1020 1879 1107 1977 quod
1131 1882 1258 1971 nptisri-

155 2016 244 2069 mum
282 2020 349 2067 csse
378 1995 547 2089 epitheton
576 1997 771 2066 nrnndinum
808 2012 917 2087 coptos
953 2000 1093 2067 esicoles
1124 2002 1260 2070 tirmiter

156 2117 434 2211 amplectentium.
482 2116 562 2188 llilti
588 2120 669 2187 bsec
693 2121 801 2187 omnis
828 2119 956 2209 longius
977 2121 1085 2189 dissito
1107 2121 1259 2191 sidentur

155 2255 188 2311 et
221 2239 467 2333 praeferendum
507 2242 601 2331 longe
634 2240 834 2332 simplicius:
870 2242 1021 2318 δούνοοκοος
1054 2244 1259 2326 depressisse.

155 2360 217 2433 Sed
237 2364 263 2430 si
281 2362 335 2431 oni
359 2385 473 2453 porum
496 2362 653 2430 credibile
676 2360 821 2430 ridentur
842 2363 1042 2431 notissimum
1065 2365 1258 2433 vocabulum

155 2494 188 2553 et
208 2484 375 2551 intellectu
399 2478 591 2549 leoillirnnm
615 2483 657 2548 itn
689 2482 898 2549 obliteratum
922 2505 1013 2561 esse,
1040 2483 1124 2551 nibil
1146 2487 1259 2555 slierre

154 2622 284 2697 possum
316 2624 381 2695 quo
404 2604 473 2671 eins
499 2603 688 2670 sententium
719 2600 910 2672 convellens.
958 2603 1102 2695 Aucupis
1126 2617 1256 2685 ternen,

154 2748 218 2793 non
239 2726 404 2816 piscatoris
426 2723 504 2793 bsec
528 2748 593 2793 osse
615 2746 772 2803 munere,
805 2725 878 2792 sntis
906 2740 1067 2813 opertum.
1117 2727 1256 2819 Corrup-

152 2858 223 2915 snm
252 2847 348 2937 igitur
385 2869 430 2916 ss.
455 2850 486 2915 t.
520 2851 673 2921 πλωτῶν,
711 2844 797 2935 quod
836 2842 1025 2913 rnutnndum
1058 2847 1090 2914 in
1123 2854 1255 2923 πτννῶν.

154 2969 211 3039 Vs.
233 2973 266 3038 3.
290 2967 519 3037 scribendum:
546 2966 692 3044 κΙοδόκνν.
742 2964 935 3035 coniunctio
964 2979 1052 3037 certe
1073 2968 1179 3059 nliqun
1198 2969 1256 3036 nb·

151 3112 220 3159 esre
241 3091 368 3179 nequit.
415 3088 478 3157 Sed
498 3088 538 3157 de
559 3088 619 3157 bno
639 3089 720 3155 orosi
741 3087 882 3155 dnbitnri
904 3088 1007 3158 rideo.
1056 3092 1101 3159 llr
1123 3093 1256 3160 caeteris

152 3209 420 3301 inscriptionibus
449 3228 543 3276 nnnm
581 3223 744 3299 prnetoron
774 3208 837 3275 huc
872 3207 1072 3276 relerendnm
1101 3212 1254 3301 selignm.

153 3329 321 3421 Antipatri
347 3326 473 3395 Sidonii
500 3327 539 3396 Α.
563 3327 599 3396 Ρ.
619 3325 687 3405 vl,
712 3330 755 3397 93

244 3449 422 3533 ‘spirantes
438 3449 453 3517 d
471 3447 626 3533 πρέσβος.
651 3448 666 3513 d
689 3450 753 3521 πῶς
771 3446 877 3529 ῥυτὶς,
903 3448 1134 3527 οῶπολονεντοὶς,

336 3570 421 3643 τόνδε
444 3572 517 3652 παρ’
538 3574 690 3651 Ἠροοκλεῒ
711 3568 781 3644 θῆκέ
801 3593 843 3650 με
864 3568 916 3635 τὸν
936 3568 1084 3649 σοβύννρν.

243 3694 279 3761 ἑν
297 3698 417 3761 πολλοῦ
440 3699 586 3767 πλεοῶνορ
607 3690 674 3757 ἐπεὶ
695 3687 811 3772 βάρος
835 3687 936 3757 οὐκέτι
956 3697 1087 3775 χεῖρες

335 3813 498 3887 toleror,
524 3813 567 3887 εἰς
592 3812 736 3895 κεΦοολὴν
755 3810 782 3877 δ’
800 3811 891 3888 ἤλυθε
911 3811 1104 3895 λευκοτέρην.

151 3934 310 4007 Ultimum
336 3934 402 4001 eins
426 3930 588 4001 distichon
613 3944 760 4001 ssnnturrt
777 3954 843 4001 esse
866 3932 985 4023 scripto
1007 3931 1136 4012 ἔστενον
1160 3948 1254 4023 puts⁴

153 4069 230 4125 sunt
266 4054 439 4125 Salmasius
475 4067 507 4121 et
533 4054 735 4131 Brunclius‚
777 4053 935 4143 probante
973 4053 1180 4123 ldelslhornio
1213 4059 1255 4127 sd

155 4176 288 4248 lotbol.
314 4178 389 4267 Ityr.
424 4200 457 4267 p.
478 4178 531 4244 88.
581 4175 739 4269 liquidem
774 4176 881 4266 paullo
910 4176 981 4265 plus
1011 4175 1094 4244 milri
1118 4178 1196 4245 iuris
1220 4179 1252 4247 in

1006 4293 1046 4359 10
