2828 4936
678 241 877 303 *130*

231 433 293 497 lrnc
311 431 452 503 carmine
476 431 598 495 notarit
620 430 652 495 in
672 428 798 520 Explic.
823 429 862 492 ad
885 428 978 494 Pind.
1006 426 1060 495 01.
1083 427 1168 507 Vll,
1193 451 1227 518 p.
1254 431 1333 497 172.

231 552 291 619 »ln
313 550 387 623 dria
413 549 612 619 Athenarum
642 552 746 641 neptis
773 549 934 638 (lyricum
960 539 1106 639 qnae'ob
1135 548 1336 617 architectu-

229 697 297 741 ram
327 684 360 738 et
385 693 520 762 operum
553 673 776 761 organicorum
808 673 956 761 peritiam
991 693 1066 737 cum
1098 670 1215 738 Rhodo
1246 671 1334 763 apud

229 791 420 859 Strabonem
433 791 522 861 XIV.
547 815 582 882 p.
595 795 661 859 695
680 781 718 859 02
744 794 969 883 componitur,
993 815 1051 880 per
1070 793 1212 861 Milesios
1230 791 1334 861 sthe-

229 915 387 981 niensium
410 913 542 981 colonos
574 913 690 985 tradita
723 915 786 989 sibi
811 914 966 1005 religione
989 914 1176 996 Mineruae,
1200 915 1240 983 ab
1272 912 1335 981 hac

229 1035 292 1100 sibi
314 1035 375 1103 dea
400 1035 552 1127 donatam
577 1038 654 1113 artis
685 1035 872 1111 facultatem
902 1035 1037 1124 gloriata
1068 1037 1153 1106 ast.”
1201 1035 1334 1102 intelli·

228 1155 365 1245 gendum
395 1170 503 1236 uutem
525 1169 642 1236 *censet
672 1156 856 1231 Boockhius
878 1157 1002 1247 primae
1033 1159 1110 1226 artis
1138 1156 1337 1246 sculptoriae

228 1302 309 1369 opus
330 1294 362 1346 et
382 1304 399 1344 a
421 1278 556 1347 Pallade·
572 1280 640 1369 ipsa
659 1278 781 1353 iactum
803 1277 1025 1368 donatumque
1047 1277 1214 1366 Cyzicenis
1231 1299 1336 1367 quum

228 1402 368 1489 primum
405 1402 428 1466 ii
468 1401 623 1490 templum
654 1398 895 1481 condidissent,
933 1399 1193 1489 triangularem
1234 1397 1337 1487 igitur

228 1527 366 1611 cippum
389 1522 455 1587 rire
487 1523 728 1600 colomellam,
754 1521 864 1590 triadis
901 1521 1084 1609 Gratiarum
1114 1517 1335 1608 Symbolum,

229 1641 316 1708 unde
336 1654 446 1734 postea
470 1643 617 1713 mortalis
647 1642 783 1714 alicuius
808 1643 939 1732 ingenio
959 1655 991 1709 ot
1022 1642 1154 1709 iurento
1183 1661 1234 1709 urs
1256 1663 1336 1730 pro·

229 1778 323 1854 gnata
349 1765 430 1833 sit.”
462 1763 594 1835 Rectius
615 1786 691 1837 sero
711 1786 772 1854 pro
791 1776 883 1854 parte
907 1761 1100 1833 Walclnerus
1118 1760 1200 1831 llus.
1226 1759 1336 1831 Rhen.

234 1887 332 1954 1845.
356 1908 391 1975 p.
410 1887 488 1954 273.
513 1906 593 1974 opus
614 1883 677 1952 hoc
697 1908 770 1954 rere
786 1885 997 1977 sculptoriam
1019 1883 1114 1951 luisse
1133 1894 1245 1974 putat,
1268 1895 1337 1953 sta·

230 2018 318 2085 tuam
340 2006 501 2096 triplicem
524 2019 557 2075 et
576 2029 675 2083 unam
698 2007 905 2094 Gratiarum.
931 2007 999 2075 iere
1019 2019 1055 2072 ut
1074 2006 1220 2075 Hecates.
1236 2005 1339 2094 triga·

230 2128 338 2221 minae
359 2125 539 2215 imagines,
560 2129 662 2205 πύλη
687 2126 728 2197 dc
757 2140 862 2195 statua
885 2140 918 2193 et
942 2127 1081 2216 imagine
1107 2125 1231 2192 dictum
1249 2125 1338 2192 mul·

232 2249 270 2325 tis
289 2248 504 2327 recentiorum
527 2250 724 2338 scriptorum
750 2261 782 2315 et
801 2262 969 2339 poetarum
997 2247 1076 2317 locis
1098 2246 1336 2317 demonstraus·

232 2370 355 2456 Quibus
372 2369 435 2435 alia
462 2393 498 2436 er
522 2370 761 2460 antiquioribus
788 2368 884 2442 ductu
911 2368 987 2436 addi
1004 2381 1138 2461 possunt
1151 2434 1153 2438 ,
1166 2390 1249 2459 quac
1263 2367 1338 2447 ‚ulio

231 2490 304 2556 loco
337 2489 473 2559 collecta
504 2489 600 2560 dabo.
647 2490 810 2557 lacobsius
837 2514 912 2561 sero
943 2492 1000 2581 qui
1033 2490 1112 2559 olim
1140 2490 1273 2580 pronior
1301 2490 1336 2557 iu

231 2611 420 2685 Buttmanni
452 2614 643 2679 sententiam
679 2613 807 2693 iuerat,
839 2613 998 2703 posterius
1034 2613 1067 2678 in
1101 2609 1267 2679 Addsndis
1296 2610 1337 2678 ad

232 2732 333 2801 anth.
359 2733 427 2802 Pal.
452 2732 492 2800 de
518 2734 607 2800 nulla
638 2734 700 2799 ulia
733 2746 801 2800 arte
833 2732 886 2800 hic
924 2735 976 2823 agi
1008 2735 1134 2823 putarit
1165 2755 1264 2823 quam
1295 2732 1336 2799 dc

232 2855 359 2920 navium
381 2853 647 2936 exstruendarum
672 2852 950 2944 regendarumque
976 2854 1101 2920 ratione
1121 2875 1218 2942 quam
1248 2852 1353 2944 Argo·

234 2973 382 3053 traditam
406 2998 473 3042 esse
497 2999 514 3040 a
541 2976 682 3042 Minerva
706 2973 803 3063 vulgo
832 2987 975 3044 narrant.
1030 2973 1192 3064 Equidem
1223 2974 1335 3064 prius,

233 3097 369 3162 maxime
402 3109 536 3187 proptor
569 3095 666 3173 rerba
701 3094 1045 3181 grossescamus,
1070 3117 1169 3185 ,quaa
1189 3094 1270 3165 mihi
1297 3095 1337 3163 de

234 3217 423 3285 columellae
443 3219 549 3309 effigie
568 3217 656 3283 dicta
678 3232 810 3309 propter
831 3218 1057 3303 anrilaterum
1085 3216 1212 3307 pondus
1239 3215 1336 3285 intel·

233 3339 287 3426 ligi
308 3362 370 3404 non
390 3363 484 3430 posse
505 3332 719 3420 ridebantur,
745 3339 825 3409 haec
847 3339 1008 3430 adscripta
1027 3337 1257 3429 rel‘inscripn
1275 3361 1336 3430 pu-

235 3461 299 3543 tari
321 3460 552 3552 ferro-primae
573 3463 663 3535 naris
680 3486 698 3527 a
718 3463 860 3533 lllinersa
885 3461 1081 3530 aedificatae.
1132 3461 1227 3549 Quod
1248 3482 1335 3531 nunc

234 3583 300 3670 ipse
322 3581 558 3673 repudiandum
586 3593 691 3672 puto,
725 3604 826 3670 quum
857 3604 973 3648 aureae
1001 3581 1117 3671 effigiei
1148 3581 1335 3674 ponduain

234 3705 335 3773 maius
365 3718 491 3773 auctam
521 3702 656 3771 essenii
683 3703 799 3770 mirum
828 3704 882 3771 sit.
932 3703 1107 3770 Donarium
1129 3705 1228 3793 igitur
1248 3714 1336 3773 nuu'c

234 3849 306 3893 cum
323 3821 764 3903 ,Buttmanno‚:itoaokhia‚
795 3823 971 3890 Welokero
999 3825 1099 3891 fuisse
1127 3836 1209 3915 puto
1240 3825 1334 3893 colu·

233 3945 361 4013 mellam
391 3944 575 4033 prismatam
604 3944 637 4007 in
668 3944 761 4010 cuius
792 3943 943 4039 lateribus
973 3946 1107 4036 singulis
1137 3946 1335 4037 singularum

234 4069 388 4145 dearum,
415 4063 573 4152 Aglaiae‚
600 4064 832 4155 Euphrosynae
853 4081 884 4134 et
913 4068 1045 4135 Thaliae
1067 4069 1201 4135 luerunt
1223 4069 1336 4159 imagi·

234 4214 300 4259 nes.
349 4184 482 4256 initium
507 4185 656 4255 carminis
682 4199 767 4256 recte
788 4187 1003 4256 Buttmannus
1021 4188 1221 4259 emendarit:
