2828 4936
549 259 728 322 ...81-

78 440 165 511 bsius
186 445 287 511 iunxit
300 452 429 527 τερπνῆς
448 446 530 519 ἐντὸς
543 445 634 512 ε’άνσα
645 446 740 525 με’ίκς
755 493 763 524 ,
778 445 863 535 quod
887 447 1001 512 idoneo
1014 469 1106 514 sensu
1125 469 1177 512 co·
1261 499 1267 508 ,

77 578 148 640 ret,
174 578 206 631 et
234 565 315 648 αὔρα
340 568 569 656 interpretatus
596 579 643 633 est
666 567 706 633 do
734 566 833 633 odoro
858 569 923 634 sivo
947 569 1119 657 vaporibus
1142 592 1179 633 er

76 710 160 776 oquo
189 688 407 777 surgentibus.
426 689 496 757 .Vs.
518 695 536 754 5
562 688 674 778 scripsi
704 690 749 768 pir
773 688 864 764 ποσί,
898 712 958 778 pro
988 713 1054 779 quo
1084 690 1180 779 vulgo

78 807 218 897 legitur:
253 810 329 887 μήτ’
357 808 428 882 ἐπί,
462 808 514 874 sed
541 808 679 898 simplici
708 811 752 888 μή
783 808 836 873 Ιιίο
854 811 1082 877 ·.unicc·locus
1110 823 1180 886 cst,

14 934 22 941 ’
78 929 259 1018 composito
278 928 399 995 nullus.
447 928 497 995 Ad
521 929 695 996 dictionem
719 931 829 996 confer
851 930 1047 997 Nicurohum
1077 933 1118 999 A.
1141 932 1180 1000 P.

78 1048 150 1126 lx,
176 1052 313 1117 330..5.
329 1049 436 1114 ,ποσσί
467 1049 499 1115 δὲ
524 1051 570 1131 μὴ
594 1050 665 1116 ποσί
693 1050 806 1132 νίπτρα
833 1050 938 1134 Φέρειν
960 1051 1180 1135 κρυστάλλινα

76 1172 224 1252 Ννμφάν
235 1168 329 1251 δῶρα,
344 1181 377 1235 ct
390 1169 506 1234 locoru
529 1169 677 1236 Ioocbsio
701 1169 900 1262 adscriptos,
928 1175 1004 1241 Eur.
1029 1173 1086 1240 0r.
1100 1175 1180 1240 305.

76 1288 195 1371 λσνσρά
225 1291 256 1355 τ’
283 1290 334 1356 ε’πί
367 1288 457 1372 χροὸς
486 1287 605 1368 βάλλε.
632 1289 667 1356 h.
694 1291 789 1356 Hom.
820 1289 894 1359 Gor.
917 1296 971 1360 50.
1000 1292 1066 1358 οὐδὲ
1098 1291 1181 1374 χρία

76 1408 224 1489 βάλλοπο
247 1417 406 1492 λουτροῖς,
432 1410 488 1475 ubi
513 1411 647 1478 verbum
673 1409 810 1490 βάλλειν
834 1426 1021 1502 corruptum
1049 1413 1181 1481 ridebo-

79 1544 135 1599 tur
163 1529 371 1599 Ruhnkcnio.
421 1530 580 1621 Equidem
612 1545 810 1599 contractum
840 1535 979 1601 {ormam
1005 1542 1182 1617 λονσροῖρσ

78 1664 250 1743 poctarum
276 1653 496 1742 antiquiorum
521 1654 688 1742 epicorum
714 1675 772 1719 usu
793 1654 929 1719 alienum
954 1668 1056 1745 puto,
1081 1676 1183 1744 quoru

77 1772 213 1842 malim:
243 1772 309 1838 οὐδὲ
342 1770 423 1854 χρόα
451 1771 560 1850 βάλλε
588 1780 732 1854 λοετροῖς.
785 1776 836 1841 Vs.
863 1778 883 1839 8
913 1777 1052 1863 pructuii
1081 1774 1181 1842 λυσά-

77 1916 171 1973 μενος
196 1894 356 1982 Heringoo
377 1891 639 1960 emendorioncm.
655 1917 714 1984 pro
744 1895 863 1960 codicis
887 1894 1048 1963 lectione:
1079 1895 1181 1962 αάσά·

78 2039 182 2095 μενος.
222 2015 314 2101 Quod
346 2028 392 2082 cst
413 2014 599 2095 λυσάμενος.
649 2014 775 2081 Ibidem
809 2016 969 2081 verissime
990 2018 1184 2083 ·Brunckius

78 2136 253 2217 άρναλίκρ.
302 2135 467 2203 iocobsius
485 2137 518 2201 in
540 2138 628 2225 App.
656 2138 718 2225 up.
739 2137 815 2203 100.
840 2157 913 2202 cum
933 2137 961 2205 i.
984 2137 1026 2206 G.
1047 2136 1185 2205 Schnei-

80 2255 182 2324 dcror
216 2255 391 2338 άρσεμὲας,
426 2267 459 2320 et
488 2279 525 2322 cr
560 2255 726 2322 Sohoefcri
759 2258 967 2323 coniectura:
1001 2257 1180 2340 ρνσάμονος.

80 2379 173 2447 Idem
208 2381 296 2446 rs.9
333 2378 458 2467 recepit
485 2375 617 2443 'ultorum
648 2375 792 2443 ciusdem
821 2376 987 2444 Sohccieri
1018 2381 1184 2446 coniectu·

80 2523 149 2568 rum
174 2498 309 2582 ἔβαψεν.
361 2497 495 2566 Codices
518 2495 652 2578 ἔκοψεν,
678 2520 712 2563 er
745 2521 810 2586 quo
839 2498 944 2563 cffinri
968 2497 1054 2587 quod
1077 2501 1108 2564 in
1138 2512 1184 2565 tc·

80 2635 138 2691 nu
159 2644 254 2712 supro
284 2618 406 2686 editum
430 2617 571 2706 legitur,
596 2617 639 2686 ci.
672 2618 749 2683 Eur.
776 2617 874 2685 Herc.
906 2619 945 2685 F.
971 2621 1070 2688 1070.
1103 2619 1183 2685 άπά-

79 2747 197 2826 κρνφον
216 2742 314 2821 δέμας
336 2742 394 2806 ὑπὸ
416 2738 567 2820 μέλαθρον
591 2738 708 2820 κρύψω.
759 2739 859 2804 Versu
891 2738 1007 2803 ultimo
1027 2760 1101 2804 cum
1119 2740 1183 2806 Hc-

80 2866 173 2957 ringu
192 2865 298 2941 ἥλνάον
319 2863 432 2951 scripsi
454 2883 513 2950 pro
538 2859 662 2948 vulgato
687 2859 826 2925 lectione
846 2861 971 2936 ἥλνίινς
998 2847 1077 2927 hacc
1098 2861 1185 2927 enim

82 2986 123 3055 ud
148 2986 257 3053 Proeti
276 2985 356 3050 filios
383 2983 595 3058 insanientes,
619 3005 682 3046 non
705 2981 744 3046 od
764 2980 998 3070 Melampodcm
1019 2982 1188 3049 referendo

82 3107 248 3177 ridentur.
305 3106 374 3172 Hoc
410 3105 552 3170 carmine
589 3120 798 3192 comparato,
836 3103 923 3191 quod
957 3116 994 3167 ut
1026 3105 1188 3192 plurimae

82 3228 309 3318 inscriptiones
338 3223 513 3290 άδὲσποσον,
540 3234 608 3300 est,
642 3223 744 3311 liquot
769 3224 801 3286 in
834 3222 1070 3311 bosiimoginis
1093 3225 1186 3289 Punic

83 3349 124 3417 nd
171 3347 296 3414 iontem
341 3344 463 3434 positae
499 3343 651 3430 scriptum
690 3342 933 3431 inscriptionem
979 3343 1077 3408 fuisse
1103 3347 1187 3433 cpi-

83 3492 226 3560 grummo
274 3463 428 3533 Nicarchi
458 3466 505 3530 -Α,
539 3462 574 3528 P.
606 3462 675 3539 IX,
709 3465 816 3539 330,
854 3463 939 3551 quod
984 3477 1016 3528 or
1064 3464 1115 3531 dci
1155 3479 1188 3531 ct

84 3604 202 3681 poctnc
230 3587 359 3672 ingenio
387 3582 687 3662 accommodatum,
714 3582 872 3649 ludicrum
904 3581 983 3649 odeo
1007 3598 1054 3649 ost
1083 3598 1116 3652 ot
1139 3587 1188 3652 lo-

86 3713 229 3781 soiruur:

159 3855 211 3901 .α.
224 3827 359 3910 ,Κράνας
381 3826 502 3908 εάάδρον
525 3823 613 3906 παρά
635 3822 754 3903 νάμασι
776 3825 829 3889 καὶ
850 3824 938 3905 παρά
957 3823 1114 3906 Νύμφαις

270 3946 402 4016 ἔσπασὲν
421 3972 463 4027 με
485 3946 726 4025 Σίμων,,Πᾶνα
747 3946 799 4010 σὸν
823 3945 1000 4023 αἰγιπόδην.

180 4075 216 4153 β.
243 4076 297 4136 τοῦ
318 4070 349 4134 δὲ
371 4067 487 4149 χάριν;
513 4092 545 4131 α.
571 4064 650 4142 λέξοι
675 4090 743 4140 τοι,
768 4062 835 4131 άσον
859 4066 974 4140 ποθέεις
993 4069 1056 4132 άπὸ
1077 4067 1190 4146 κράναρ

272 4190 324 4255 καί
346 4189 397 4255 πίε
419 4189 471 4254 καί
497 4187 603 4253 κοίλαν
627 4185 744 4253 κάλπιν
765 4188 854 4253 ἑλὼν
878 4185 1007 4267 άρνσαι,

940 4308 962 4371 0
