2828 4936
599 275 804 338 -117—

154 458 326 525 lectionem
358 457 503 525 defendit
537 471 570 523 ot
603 461 776 549 explicuit:
813 464 908 527 nihil
938 465 1014 528 nisi
1047 481 1192 548 anquem
1222 469 1258 522 et

149 580 329 672 gladium.
377 581 519 647 Heroum
539 581 623 647 onim
643 582 817 671 imagines,
846 605 928 672 quoe
948 581 1140 672 plerumque
1156 601 1256 669 eque·

153 713 233 768 etres
266 714 382 780 erant,
417 717 453 768 nt
484 715 573 791 patet
604 725 641 768 cr
673 726 718 770 rs.
744 708 802 781 t.,
838 705 933 770 armis
973 702 1064 769 indui
1096 701 1255 771 solebant.

155 822 249 908 Quod
270 845 308 888 or
326 822 388 888 hoc
410 821 601 890 Callimachi
621 821 694 888 loco
712 824 898 889 coniectura
918 824 1046 889 efficere
1069 844 1256 912 possumus,

153 944 209 1009 sed
232 943 353 1011 diserte
376 956 512 1011 testatur
531 944 725 1011 Scboiiaotes
747 944 786 1010 ad
809 945 912 1011 Arist.
937 945 1037 1033 Vesp.
1056 946 1136 1012 823.
1167 940 1260 1025 εἶχον

153 1065 221 1148 γαρ,
238 1068 264 1131 oi
285 1065 376 1148 η’ρωες
396 1067 594 1134 πανοπλίαν·
619 1067 672 1132 καὶ
688 1066 779 1142 δῆλον
798 1067 834 1132 ἐκ
852 1070 912 1132 τῶν
932 1064 1128 1131 Δαιταλέων.
1174 1067 1259 1132 Poe⁴

154 1198 207 1252 tae
231 1209 338 1253 sersus
362 1200 459 1258 sunt:

291 1311 397 1392 ίηρῷον
420 1308 513 1385 είπως
533 1310 714 1390 ἐκκομίσαις
738 1308 775 1373 τὸ
796 1312 850 1374 τοῦ
871 1307 976 1374 Λύκου
989 1357 1095 1375 .....

290 1427 396 1496 οὔκουν
419 1428 488 1512 ἔχει
510 1433 545 1510 μ’
568 1430 630 1496 οὐδ’
652 1429 748 1503 αὐτὸς
772 1427 847 1511 ἥρως
870 1428 910 1494 ὢν
931 1425 1029 1494 ίπλοι.

155 1547 206 1614 td
240 1548 339 1614 rerba
379 1548 468 1627 λοξὸν
499 1548 571 1635 ὅφιν
600 1550 710 1616 confer
746 1547 912 1615 Plutarchi
950 1548 1048 1616 corba
1089 1548 1254 1618 cleomen.

154 1691 185 1737 c.
206 1673 263 1737 39.
285 1669 410 1749 ὀλίγαις
430 1671 457 1736 δ’
480 1667 604 1753 ὕστερον
624 1669 752 1752 ἡμέραις
775 1670 802 1735 οἱ
821 1669 857 1735 τὸ
880 1674 973 1749 σῶμα
992 1674 1047 1737 τοῦ
1066 1669 1261 1750 Κλεομένους

154 1789 461 1873 παραφυλάττοντες
487 1787 567 1856 εἶδον
593 1790 748 1871 εὐμεγέθη
777 1789 930 1872 δροίκοντοι
959 1800 998 1874 τῇ
1021 1797 1151 1877 κεφαλῇ
1173 1816 1259 1877 περι-

153 1909 388 1989 πεπλεγμένον.
412 1910 448 1975 ἐκ
471 1909 502 1975 δὲ
525 1909 634 1975 τούτου
659 1909 883 1989 δεισιδαιμονία
904 1910 1078 1992 προσέπεσε
1094 1913 1139 1994 τῷ
1161 1913 1262 1991 βασι-

153 2040 225 2106 λεῖ,
249 2034 288 2105 ὥς
308 2031 414 2114 οίνδρὸς
434 2029 620 2115 οίνηρημένον
640 2031 801 2113 θεοφιλοῦς
820 2027 874 2094 καὶ
889 2029 1057 2111 κρείττονος
1076 2033 1133 2108 την
1148 2031 1256 2115 φιίσιν.

155 2154 198 2220 Oi
217 2152 245 2218 δ’
266 2149 481 2233 Ἀλεξανδρεῖς
505 2150 559 2215 καὶ
578 2148 781 2232 προςέτρεχον
802 2154 971 2232 φοιτῶντες
998 2149 1050 2216 ε’πί
1071 2151 1124 2219 τὸν
1142 2151 1257 2230 τίπον,

154 2274 238 2356 ἥρωα
256 2272 308 2337 τὸν
328 2268 503 2350 Κλεομένην
523 2271 576 2335 καί
598 2271 669 2336 θεῶν
692 2269 795 2335 παῖδα
816 2270 1103 2353 προςαμορειίονπες.
1126 2313 1173 2324 -
1195 2277 1256 2340 Καὶ

153 2398 246 2461 τοῦτο
270 2390 448 2465 κατιδόντες
471 2393 498 2457 οἱ
522 2391 653 2457 παλαιοὶ
676 2389 824 2471 μοίλιστα
846 2398 908 2457 τῶν
927 2391 1008 2475 ζῴων
1030 2393 1083 2460 τὸν
1106 2393 1259 2476 δροίκοντα

152 2521 219 2590 τοῖς
244 2513 334 2596 η’ρωσι
358 2512 578 2595 συνῳκείωσαν.
629 2512 693 2579 Ubi
714 2513 859 2594 κρείττων
883 2511 968 2578 idem
1001 2515 1069 2580 fere
1099 2516 1259 2603 significat

153 2633 243 2726 qnod
273 2635 358 2717 η’ρως.
414 2633 459 2701 Ut
490 2639 523 2701 in
557 2631 686 2701 Cimon.
718 2655 747 2699 c.
774 2637 827 2701 19.
858 2639 970 2713 τιμῶσι
999 2634 1031 2699 δὲ
1062 2635 1115 2701 καί
1143 2643 1263 2711 Κιτιεῖς

152 2753 260 2839 τοίφον
282 2754 353 2821 τινοὶ
385 2755 546 2834 Κίμωνος,
580 2757 620 2828 ὥς
651 2752 873 2836 Νανσικροίτης
904 2755 919 2818 ὅ
946 2756 1042 2837 ῥητωρ
1072 2754 1193 2839 φησίν,
1228 2759 1261 2822 ἐν

152 2880 253 2960 λοιμῷ
276 2877 329 2942 καὶ
350 2883 410 2954 γῆς
432 2875 551 2960 οίφορίρο
569 2880 624 2940 τοῦ
643 2875 709 2940 θεοῦ
730 2872 960 2957 προςτοίξαντος
980 2876 1087 2949 αὐτοῖς
1109 2878 1155 2956 μη
1177 2878 1261 2958 οίμε-

151 3007 221 3066 λεῒν
237 2998 375 3078 Κίμωνος
394 2998 471 3064 αλλ’
490 3000 529 3071 ὡς
548 2999 709 3080 κρείττονα
728 2974 878 3077 σέβεσθαι
901 2994 954 3062 καὶ
974 2997 1146 3080 γεραίρειν,
1171 2999 1259 3088 quod

152 3122 262 3189 minua
286 3132 373 3184 recte
393 3130 426 3185 et
444 3117 506 3183 hoc
529 3117 601 3183 loco
618 3131 651 3183 ct
671 3117 788 3204 Pyrrh.
809 3121 865 3187 24.
914 3118 1007 3184 Marii
1029 3140 1059 3184 o.
1079 3123 1135 3186 27.
1161 3120 1260 3186 desem

151 3245 386 3330 interpretatus
415 3249 462 3302 ost
489 3236 762 3324 wyttenbachius
787 3239 820 3302 in
844 3237 969 3306 Indice.
1017 3239 1063 3303 Er
1086 3238 1150 3304 boc
1173 3254 1261 3309 rete·
1312 3298 1316 3307 .

153 3387 228 3431 turn
251 3381 342 3427 mors
361 3370 525 3450 serpentes
549 3356 704 3422 heroibus
728 3356 871 3422 sacrandi
894 3356 1082 3446 explicando
1106 3359 1188 3425 mihi
1212 3365 1261 3428 ri-

155 3485 251 3552 detur
276 3479 385 3547 [abula
406 3478 447 3545 de
471 3477 593 3547 Cadmo
618 3489 651 3544 et
672 3478 849 3544 Harmonia
868 3483 901 3544 iu
923 3477 1098 3545 draconum
1123 3481 1263 3550 sormam

155 3604 312 3681 mutatis,
339 3604 362 3669 i.
388 3624 418 3669 e.
443 3600 599 3689 reiigione
620 3613 652 3664 et
673 3600 852 3665 reverentia
883 3596 1036 3664 heroibus
1058 3599 1167 3668 debita
1190 3605 1262 3671 cnl-

156 3727 219 3806 tis‚
244 3736 276 3791 et
298 3723 331 3787 in
354 3744 394 3787 oo
417 3720 528 3786 lusisse
545 3720 671 3786 ridetur
695 3717 926 3809 Aristophanes
949 3720 1046 3810 Vesp.
1067 3725 1145 3792 438.

247 3840 271 3909 ὦ
293 3841 416 3924 Κέκροψ
437 3840 511 3922 ἥρως
533 3837 617 3918 ἄναξ
638 3840 683 3906 τοὶ
704 3840 778 3923 πρὸς
802 3839 899 3906 ποδῶν
922 3841 1112 3924 Δρακοντίδη

249 3968 390 4048 περιορᾷς
411 3959 489 4027 οὕτω
512 3964 548 4040 μ’
572 3963 626 4027 ὑπ’
648 3960 761 4043 οίνδρῶν
782 3957 952 4044 βαρβάρων
974 3961 1191 4045 χειρούμενον,

157 4085 200 4154 ol.
227 4108 273 4150 rs.
301 4087 375 4148 157.
399 4083 477 4148 ἀλλ’
498 4079 718 4165 ἀποφεύξεται
741 4082 960 4165 Δρακοντίδης.

204 4207 262 4274 ttis
287 4204 442 4273 accedant
464 4205 689 4293 inscriptiones
711 4207 831 4294 hnytes
855 4207 897 4277 h.
918 4207 955 4275 P.
977 4204 1048 4283 IX,
1077 4209 1151 4271 144.
