2828 4936
624 239 825 320 4193-

161 438 269 530 qusiis
292 437 406 509 Arato.
455 438 504 507 td
532 438 671 516 invasoris
695 443 860 510 annotavit
883 442 1067 514 iacobsius:
1102 439 1175 511 alo
1203 440 1266 512 boo

158 559 312 653 epitheto
333 557 388 628 scd
414 557 483 627 sine
500 579 594 627 causa
620 558 735 629 idonea
762 562 896 631 offendit
919 561 1145 646 casaubonus,
1168 584 1267 656 qoem

158 680 219 750 bio
245 681 369 773 aliquid
399 681 574 749 cooicoissc
598 706 635 749 cr
663 681 798 750 Schedia
825 683 1050 753 Bibliothecae
1071 684 1267 756 Bodleiano

157 815 274 896 patet,
298 799 352 869 sed
373 799 490 867 doctus
513 800 642 869 obscuri
663 805 777 875 soot.'’
803 804 964 896 Equidem
988 803 1165 876 Leonidam
1185 806 1267 874 scri·

155 925 260 1017 psisso
283 936 363 1015 poto
391 922 529 1000 δινντοὺς
551 922 710 1008 ἀστέρας,
745 947 851 1018 aequo
880 950 992 996 sarram
1024 926 1152 997 ridetur
1177 928 1265 1013 έναρ-

154 1047 221 1128 γῆς
249 1042 372 1129 οὐρανός
404 1068 451 1115 rs.
469 1049 503 1114 3.
549 1043 634 1114 Item
662 1048 696 1113 in
728 1045 919 1115 callimachi
950 1048 1128 1119 causarum
1161 1049 1265 1119 libros

156 1167 250 1261 apud
272 1164 448 1260 cephalam
472 1168 557 1235 inter
580 1165 773 1260 sepulcralia
795 1168 878 1251 v11,
904 1173 960 1241 42.

247 1287 295 1358 'A
316 1285 608 1371 μέγαΒαττιάδαο
630 1293 729 1374 σοφοῦ
753 1290 941 1375 περίπυστον
962 1291 1082 1378 ένειαρ,

341 1408 360 1488 si
381 1412 409 1494 ρ’
430 1410 515 1479 iccio
537 1407 653 1496 αεράοιν
674 1409 736 1480 οὐδ’
760 1410 934 1497 ἐλέφαντος
956 1410 1059 1499 έφνς·

250 1537 337 1600 τοῖα
357 1529 423 1617 peip
444 1529 549 1613 ἀμμιν
570 1529 691 1616 ἔφανας
710 1528 764 1598 ἀντ’
786 1532 821 1600 οὔ
844 1529 942 1616 τάρος
964 1531 1070 1620 ἀνέρες
1092 1530 1183 1617 ἴδμεν

339 1651 432 1737 ἀμφί
450 1676 487 1787 og
509 1650 684 1728 ἀθανάτους
706 1651 799 1737 ἀμφί
820 1676 856 1720 τε
879 1652 1037 1734 ἀμιθέονς·

250 1769 321 1840 εὖτέ
343 1797 398 1853 μιν
420 1772 456 1839 isc
478 1771 603 1853 Λιβύας
626 1772 773 1856 ἀναείρας
795 1774 840 1848 εἱς
863 1777 1016 1841 Ἑλικῶνα

341 1892 466 1974 ἤγαγες
490 1893 523 1960 ἒν
544 1890 679 1974 μέσσαις
703 1891 874 1976 Πιερέδεσσι
896 1891 1020 1978 φέρων·

249 2015 284 2081 ai
306 2011 341 2080 δέ
361 2015 389 2082 oi
410 2013 551 2099 εἰρομένῳ
573 2014 662 2097 ἀμφ’
685 2012 829 2094 ἀγομέναν
854 2011 953 2097 εἱράινν

341 2135 440 2203 Atria
462 2134 514 2202 eci
538 2132 688 2219 μακάρων
712 2128 808 2218 εἷρον
829 2131 1052 2215 ἀμειβόμεναι.

155 2254 229 2329 Ubi
251 2277 299 2327 rs.
314 2259 349 2326 3.
374 2253 603 2346 corrigendum
621 2253 721 2322 τέσσα
742 2267 777 2324 et
793 2276 839 2325 rs.
863 2255 897 2324 8.
921 2248 1008 2321 εἶτον
1030 2265 1165 2347 propter
1184 2278 1262 2347 pro-

154 2377 246 2447 xime
267 2398 506 2470 praegressum:
541 2374 692 2460 εἰρομένῳ.
740 2374 812 2446 alia
840 2371 913 2443 aide
935 2373 1022 2467 apud
1048 2375 1262 2445 Welckeram

153 2499 243 2592 8511.
269 2499 383 2592 Epigr.
407 2518 440 2567 u.
468 2499 546 2568 239.
592 2477 870 2566 ΙηάοΤέισοοιίιο
891 2518 956 2565 noo
986 2509 1073 2566 recte
1100 2496 1260 2567 tributam

151 2621 355 2714 epigramma
376 2617 464 2712 quod
491 2620 524 2687 io
547 2617 681 2698 codice,
707 2641 773 2710 quo
799 2618 866 2686 eius
885 2618 1026 2686 carmina
1054 2617 1261 2707 diligentiore

153 2765 236 2812 cora
255 2741 403 2811 adhibite
433 2740 618 2834 complexos
648 2753 719 2809 erat
742 2738 861 2831 spuriis
881 2739 1010 2808 reiectis
1030 2741 1260 2830 grammaticos

154 2864 298 2957 aliquis,
322 2863 498 2955 praefixam
522 2861 688 2953 legebatur
712 2862 753 2931 A.
776 2860 816 2931 Ρ.
834 2859 905 2940 tx,
931 2863 1009 2929 tot.

242 2989 364 3061 Ἄλλος
387 2986 402 3051 i
426 2991 517 3058 Χῖος·
540 2983 603 3064 ἐγὼ
622 2984 654 3051 δὲ
678 2980 859 3068 Θεόκριτος,
883 2977 917 3057 ὃς
939 2979 1011 3050 ‘reid’
1033 2980 1166 3069 ἔγραψα

338 3099 469 3180 sicciori
491 3107 551 3171 τῶν
569 3109 694 3171 πολλῶν
716 3103 782 3184 εἰμὶ
805 3101 1015 3186 Συρηκοσίων,

121 3282 126 3291 ,
248 3227 313 3294 vido
333 3223 540 3310 Πραξαγόραο
562 3231 759 3307 τεριαλειτῆς
782 3249 818 3289 τε
839 3224 999 3298 Φιλίννης·

338 3352 471 3419 Μοῦσαν
493 3346 520 3412 δ’
540 3346 656 3413 diseias
678 3343 771 3411 οὔτιν’
794 3342 1035 3429 ἕφελκνσάμαν.

152 3469 220 3557 Qui
237 3488 344 3534 tarsos
363 3469 497 3535 fortasse
517 3467 616 3558 ipsius
641 3475 755 3557 poetes
787 3464 918 3554 imagini
946 3463 979 3530 in
1003 3463 1111 3532 fronto
1132 3463 1254 3534 codicis

152 3590 368 3681 manuscripti
400 3588 575 3680 subscripti
603 3587 747 3681 fuerunt.
796 3584 938 3654 Alterius
968 3588 1163 3676 pentametri
1187 3612 1256 3657 sorr·

153 3733 230 3780 susc
255 3709 345 3778 oolla
374 3710 436 3777 nisi
462 3710 599 3800 genuina
620 3721 734 3799 poetae
757 3708 901 3774 carmina
934 3705 1157 3800 complector,
1190 3732 1254 3800 quo

152 3814 375 3926 grammatici,
400 3831 457 3922 qui
477 3854 513 3898 ca
526 3830 687 3898 recensuit
706 3840 738 3896 ct
760 3826 882 3908 edidit,
908 3826 1057 3897 laudator
1075 3827 1256 3921 diligentia.

152 3956 201 4026 Ut
223 3953 447 4022 Artemidorus
477 3952 703 4040 grammaticus
723 3949 886 4041 praefatus
909 3961 958 4017 est
988 3947 1124 4017 editioni
1143 3948 1255 4016 buco-

152 4076 294 4143 licorum
320 4095 397 4143 suae
422 4070 562 4139 disticho
592 4074 632 4140 Δ.
656 4073 694 4142 Ρ.
716 4071 783 4150 ΙΧ,
809 4073 899 4152 205,
924 4082 956 4139 et
991 4068 1161 4161 Antipater
1182 4093 1254 4138 car·

152 4197 236 4266 mici
256 4193 459 4287 genethliaco
486 4194 595 4262 Pisoni
626 4195 746 4285 scripto
778 4192 1008 4284 epigrammate
1030 4188 1102 4270 tx,
1128 4194 1184 4260 93.
1210 4194 1253 4263 cl.

1008 4310 1049 4376 12
