2828 4936
574 241 755 303 ..25-

116 429 165 496 lte
198 423 338 492 alcaeus
368 423 543 494 Messenius
573 423 692 492 dicitur
724 425 739 490 ό
769 429 828 491 τῶν
851 422 988 507 λοιδόρων
1012 424 1137 507 ίόροβων
1160 427 1213 494 eci

114 545 370 631 ἕτινροορομότων
392 549 521 625 τοιητιίς
546 546 685 615 Eusebio
707 548 822 638 Pracp.
858 549 918 620 Er.
942 547 992 628 Χ,
1018 553 1052 618 2.
1099 550 1214 639 Neque

114 683 227 760 putem
260 668 456 758 Polybium,
489 670 546 760 qui
576 668 715 736 eundem
741 668 896 735 Alcaeum
926 667 1084 747 ἐπιδεξίως
1108 672 1213 738 σκότ-

113 813 213 857 τοντοι
232 787 287 855 cci
307 787 561 871 διωχλενόζοντω
585 787 668 856 dixit
688 788 841 870 xxxll,
865 792 900 859 6.
922 795 957 862 5.
979 789 1133 858 adverbio
1155 792 1214 859 ed·

114 909 184 978 dito
213 908 370 978 indicasse
391 922 520 1001 poetam
542 910 703 977 liberrimi
732 911 797 977 oria
817 909 1076 981 maledicentiam
1102 916 1214 980 coari-

112 1030 286 1123 claudique
326 1031 492 1100 licentiam
536 1031 714 1099 lenioribus
748 1031 873 1099 facetiis
907 1046 1124 1124 temperatae,
1157 1035 1212 1102 sed

111 1174 187 1221 curn
208 1151 336 1242 lepidae
364 1152 560 1244 festivaeque
585 1153 764 1220 dicacitatis
794 1151 889 1220 laude
910 1155 1011 1244 magis
1039 1157 1212 1223 coniuncta

113 1271 372 1350 attestantem
392 1295 490 1364 qnam
516 1272 601 1340 idem
623 1272 775 1362 Polybius
795 1271 917 1356 Sarno,
943 1274 1061 1343 Alcaeo
1085 1261 1221 1366 aequali

111 1406 146 1464 ct
163 1407 280 1486 poetae
298 1395 566 1485 epigrammatum
588 1393 705 1460 tribuit
723 1395 772 1473 V,
797 1397 830 1462 9.
855 1398 888 1462 l.
935 1395 1022 1462 llaec
1042 1417 1119 1463 vero
1138 1395 1210 1463 lon·

109 1537 151 1606 ge
167 1514 292 1583 diversa
316 1537 335 1580 a
356 1514 546 1581 dexteritate
564 1513 764 1592 Simonidis,
788 1536 884 1606 quem
909 1514 1019 1583 laudat
1040 1517 1210 1584 Pausaniae

111 1631 179 1713 VI,
202 1639 239 1706 9.
262 1639 297 1703 3.
327 1633 427 1718 τοότω
448 1637 492 1717 τῷ
516 1634 628 1701 Φίλωνι
648 1635 820 1717 Σιμωνιδης
843 1635 859 1701 ό
881 1635 1086 1719 Λεωτρὲτονς
1107 1636 1210 1716 δεξιό-

110 1778 207 1824 τιντον
225 1755 420 1839 ἕτίγροιμριοο
438 1755 600 1832 ἐποίησεν·

199 1876 320 1960 Harpis
338 1877 397 1956 μὲν
416 1874 574 1959 Κόρκυρα,
600 1877 701 1944 Φίλων
716 1877 744 1944 δ’
759 1876 863 1958 ὄνομ’·
885 1879 950 1959 riui
970 1878 1002 1945 δὲ
1022 1880 1185 1947 rectissu-

289 1997 353 2072 οἷός
372 1996 426 2062 sai
449 2002 519 2063 νικῶ
539 1995 605 2074 ab}
623 1996 669 2064 δύ’
688 1996 924 2078 Ὀλνροτιόδας.

110 2115 228 2186 Ilertre
248 2119 336 2186 enim
367 2128 463 2209 poeta
488 2115 629 2184 disticho
659 2115 800 2208 elegiaco
827 2119 935 2185 omnia
958 2120 1144 2212 complexus
1161 2133 1210 2189 est

107 2258 192 2329 quee
214 2239 248 2305 in
267 2237 478 2329 inscriptione
500 2250 624 2306 statuae
643 2235 849 2305 memorande
871 2253 974 2308 erant.
1018 2240 1133 2330 Neque
1156 2240 1208 2306 ul·

106 2359 176 2427 lum
207 2358 294 2450 apud
322 2360 520 2450 antiquiores
544 2360 651 2426 inreni
671 2358 855 2450 exemplum
885 2361 954 2426 eius
983 2362 1107 2450 generis
1137 2361 1208 2452 epi-

105 2493 319 2572 grammatum
341 2503 424 2571 quae
440 2480 482 2547 ab
502 2478 691 2570 aequalibus
720 2479 971 2554 Atheniensibus
1000 2481 1120 2571 scripta
1140 2504 1209 2552 ease

107 2600 207 2669 tradit
235 2599 428 2669 Plutarchus
458 2599 625 2668 liemostla.
659 2621 690 2668 c.
714 2603 770 2669 31.
798 2602 838 2677 sir
865 2600 927 2668 δ’ὁ
953 2597 1107 2684 όνίρωτος
1127 2603 1206 2669 ἕτοι-

105 2724 218 2791 νελόεὶιν
246 2723 355 2806 όνεῦρε
386 2721 442 2789 sat
472 2719 586 2798 διεδόόη
617 2719 713 2802 λόγος
737 2721 813 2803 ὑπὲρ
841 2719 972 2798 τοότοο,
1007 2719 1118 2788 πολλοὶ
1147 2728 1208 2790 τῶν

103 2846 246 2931 εὐφυῶν,
272 2843 413 2912 ότόόεοιν
437 2842 615 2925 λαβόντες,
641 2843 686 2918 είς
708 2842 745 2909 τό
767 2840 990 2926 ἀδωροδόκητον
1019 2847 1075 2910 τοῦ
1099 2854 1206 2925 Δημο-

104 2965 225 3042 adducor
248 2964 453 3046 διημιλλῶντο
475 2973 541 3040 τοῖς
561 2962 815 3047 ἐτιγρόμμοοιν.
865 2965 968 3052 Quem
996 2963 1104 3030 locurn
1126 2963 1207 3032 mibi

105 3088 298 3156 monstrarit
326 3086 480 3156 Gobetus.
530 3086 623 3156 Unde
643 3087 676 3152 in
703 3086 780 3152 libri
808 3083 1024 3176 Antholoqiae
1043 3085 1205 3153 undecimi

104 3223 198 3302 parte
214 3207 314 3272 altera
330 3206 519 3295 paucissima
540 3219 666 3272 tanturn
692 3220 866 3274 occurrunt
885 3207 1103 3298 antiquiorum
1127 3230 1207 3298 poe·

104 3343 212 3398 terum
232 3327 485 3417 epigrammata,
509 3347 592 3416 quae
612 3328 717 3392 omnia
740 3327 808 3392 fere
829 3347 846 3390 a
865 3326 1099 3392 recentioribus
1123 3331 1205 3395 scri·

104 3463 161 3539 pte
190 3447 355 3527 invenias,
382 3458 417 3511 ut
445 3447 640 3525 Ammiano,
665 3445 850 3524 Nicarcho,
874 3443 1020 3526 Lucilio,
1046 3447 1206 3521 Pollianc.

105 3569 152 3635 Ex
188 3590 328 3659 quorum
362 3566 454 3634 libris
493 3566 690 3657 florilegium
726 3567 933 3634 concinnasse
969 3567 1204 3657 Diogenianuna

104 3687 260 3756 Heraclea
293 3689 426 3756 Pontica
461 3686 655 3766 oriundum,
693 3711 790 3780 quem
819 3687 982 3756 Hadriano
1009 3690 1205 3782 imperatore

104 3809 217 3877 vixisse
247 3822 280 3877 et
307 3806 583 3893 Ἐτιγροιροροότων
615 3809 809 3890 Ἀνόολόριον
841 3808 977 3877 edidisse
1008 3822 1134 3877 constet
1166 3833 1203 3877 er

104 3928 204 3997 Suide
226 3931 260 3997 in
279 3954 310 4000 v.
330 3928 565 4012 accrescendo,
586 3931 720 4021 eiusque
736 3930 887 3999 Delectus
904 3944 1029 4023 partem
1043 3933 1076 3997 in
1089 3952 1202 3998 noram

105 4048 372 4142 Antbologiama
397 4051 607 4121 Constantino
626 4051 771 4143 cephala
793 4067 955 4145 receptam
975 4075 1043 4120 esse
1064 4051 1202 4118 coniecit

104 4171 159 4239 lta.
183 4173 347 4242 Pasaorius
364 4173 486 4264 Script.
511 4174 602 4243 ldisc.
628 4198 663 4267 p.
685 4176 872 4242 teu-223.
911 4175 998 4261 Quae
1020 4172 1202 4240 coniectura
