2828 4936
599 254 801 317 -123-

154 439 231 529 pia,
265 460 300 504 er
327 438 415 502 cuius
447 438 647 528 autographo
671 440 890 532 apographum
924 466 1015 511 suurn
1039 444 1179 513 michaei
1202 444 1259 513 de·

154 559 299 649 scripsit.
350 560 395 626 Er
429 558 556 626 verbis:
592 561 636 657 ὥς1
661 566 817 646 Σαπφοῦς
842 586 881 629 ne
915 562 998 632 forte
1025 567 1097 656 quia
1128 565 1259 659 colligat

154 682 219 749 huc
245 681 443 771 epigramma
471 679 639 771 Sapphoni
669 681 920 752 abiudicandum
944 708 1033 765 erae,
1059 687 1133 755 satia
1153 691 1259 757 careri

154 801 285 869 ridetur
302 801 404 868 altero
421 802 571 868 lemmate
595 800 633 868 ad
660 803 727 885 Vl,
752 809 829 874 273.
877 813 941 882 Ὡς
960 808 1120 885 Νοσσόδος.

242 926 378 1005 Ἄρτεμι
399 925 507 990 Αἴολον
529 921 642 1006 ἔχοισα
664 925 716 993 καὶ
740 928 913 1012 Ὀρτννόαν
931 927 1076 1012 ἐρόεσσαν

336 1041 416 1122 τόξα
436 1045 494 1124 μὲν
512 1045 558 1122 οἷς
577 1045 712 1124 κόλπους
735 1045 810 1128 ἅγν’
828 1049 944 1117 όπόόον
965 1053 1120 1135 Χαρότονν,

246 1170 358 1232 λοῦσαι
382 1165 408 1231 δ’
427 1170 539 1233 Ἰναπῶ
559 1169 690 1252 ααόαρόν
708 1168 809 1254 χρόα,
834 1171 910 1250 Boibe
932 1171 966 1237 δ’
989 1172 1025 1247 ἐς
1045 1171 1168 1248 οἴκους

335 1287 461 1355 λύσονσ’
481 1287 588 1356 ὥδόνων
608 1291 755 1359 Ἀλκέταν
776 1293 813 1359 ἐκ
834 1299 998 1375 χαλεπῶν.

154 1408 220 1495 Qui
249 1430 356 1475 versus
391 1421 427 1474 ut
455 1409 652 1478 luculentius
685 1415 780 1480 etiam
816 1414 961 1482 mulieris
996 1415 1188 1492 Locrensis,
1224 1439 1256 1485 r.

154 1531 195 1599 Δ.
220 1532 257 1600 Ρ.
276 1531 359 1610 VH,
386 1535 470 1609 718,
496 1531 633 1623 prodant
659 1557 811 1613 manum,
838 1535 1063 1628 corripendum
1088 1552 1157 1604 ert:

742 1656 819 1736 βᾶόο
843 1657 875 1723 δὲ
897 1657 1043 1740 Λοκρούς.
1073 1680 1076 1689 ⁴

152 1769 312 1862 vulgatae
345 1774 430 1839 enim
462 1773 571 1840 nullus
609 1775 798 1843 commodus
825 1799 956 1853 census,
990 1775 1076 1868 quod
1108 1778 1258 1848 dominae

152 1891 280 1960 aedium
301 1893 341 1960 ad
366 1915 444 1983 quer
466 1895 600 1961 Dianam
625 1896 780 1962 Lucinam
804 1899 914 1964 venire
940 1912 1091 1987 precatur
1111 1903 1255 1989 poetria,

153 2036 271 2083 nomen
297 2013 480 2082 addendum
508 2028 598 2095 erut,
623 2036 683 2083 nec
710 2032 785 2107 apte
808 2016 873 2084 hue
892 2042 1008 2086 nomen
1034 2020 1188 2088 Moeridis
1206 2044 1257 2088 rr·

153 2136 281 2204 trahere
313 2137 401 2204 iicet.
448 2135 563 2227 Neque
591 2137 726 2204 dubium
757 2143 836 2229 quin
871 2140 946 2207 urbs
976 2142 1070 2232 ipsu,
1098 2150 1160 2209 nou
1190 2142 1254 2209 do·

153 2278 223 2325 mus
246 2256 385 2325 hominia
408 2260 524 2348 privati
547 2258 603 2324 iric
630 2260 836 2326 memoranda
861 2262 912 2328 eit.
963 2261 1014 2329 ad
1039 2285 1085 2332 rr.
1105 2267 1139 2332 2.
1176 2286 1256 2331 con·

155 2381 201 2446 fer
224 2376 434 2448 Phaedimum
458 2378 522 2458 vl,
549 2382 627 2447 271.
653 2384 686 2446 3.

242 2498 352 2567 οὕνεκά
371 2501 398 2568 oi
422 2507 536 2580 opacior
555 2507 652 2581 λεχοῖ
667 2500 777 2576 δοσσόος
801 2501 974 2585 ὑπερέσχες

334 2629 466 2705 χεῖρας,
490 2620 566 2705 ἄτερ
585 2621 676 2701 τόξου
698 2621 812 2690 πότνια
834 2624 1008 2707 νοσσοριέννρ.

155 2744 207 2812 Va.
230 2748 263 2810 3.
288 2758 376 2810 recte
400 2744 580 2811 Meiueiriue
605 2749 718 2811 Ἰνωπῶ
740 2768 799 2836 pro
823 2745 943 2811 codicis
965 2745 1105 2812 lectione
1126 2746 1253 2828 Ἰνωπῷ.

153 2866 201 2933 ad
222 2865 406 2955 Sapphonis
438 2867 632 2956 epigramma
656 2869 687 2932 in
719 2867 862 2956 margine
882 2865 1002 2933 codicia
1028 2864 1251 2955 adscriptum:

153 2985 373 3070 ὅλόσφαοτον,
400 3009 482 3076 quaa
512 2989 591 3053 ritie
620 2988 703 3054 inter
734 2988 926 3054 recentiores
950 2986 1084 3078 plurimi
1107 3000 1140 3054 et
1163 3009 1253 3077 aega·
1357 2988 1362 2997 ’

152 3109 270 3174 cissimi
299 3108 406 3176 critici
439 3106 553 3172 tollere
585 3109 692 3173 conati
719 3121 814 3186 sunt,
853 3106 1042 3187 Bentleius,
1078 3106 1252 3186 floridius,

153 3229 318 3318 Toupius,
344 3227 508 3292 lacobsius
527 3240 559 3292 et
585 3227 771 3316 nuperrime
794 3225 974 3294 Meinekius
993 3226 1117 3295 Deiect.
1141 3249 1176 3316 p.
1186 3231 1254 3295 225

152 3373 201 3440 aq.
229 3349 285 3439 qui
307 3361 379 3438 poet
400 3369 487 3412 ruam
513 3368 640 3436 operum
668 3343 752 3410 nihil
779 3347 841 3410 ianr
866 3346 982 3412 incerti
1013 3357 1045 3411 et
1069 3344 1198 3411 obscuri
1218 3347 1252 3414 in

152 3494 190 3536 eo
220 3472 322 3536 inesse
360 3468 541 3535 affirmarit.
599 3466 683 3533 Fieri
722 3487 796 3531 sune
828 3478 934 3556 potest
965 3479 1001 3532 ut
1028 3487 1086 3556 ego
1115 3468 1253 3556 pessime

152 3592 321 3670 aberrem,
347 3591 400 3657 sed
435 3590 565 3657 diffiteri
594 3611 658 3655 non
684 3610 814 3679 possum
835 3588 915 3654 mihi
949 3588 1132 3657 etiamnunc
1158 3591 1191 3657 in
1213 3613 1253 3660 eo

153 3714 256 3779 omnia
286 3735 441 3804 perquam
478 3713 598 3778 incerto
628 3709 754 3790 rideri,
788 3732 861 3776 nam
891 3710 999 3777 atatim
1029 3709 1116 3801 quod
1145 3712 1252 3803 primo

151 3833 289 3901 disticho
310 3835 404 3900 unice
427 3856 537 3900 rerum
560 3835 606 3899 uit
631 3832 834 3901 Meineiriur:

241 3955 375 4031 Παῖδες,
400 3953 523 4037 ἄφωνος
547 3956 633 4020 ἐοῖσα
655 3953 721 4021 τότ’
744 3951 876 4028 ἐννέπω,
901 3954 937 4019 αἵ
954 3978 1002 4028 τις
1023 3952 1147 4037 ἔρηται,

331 4076 439 4159 φανόν
458 4075 633 4156 οὶκαμοὶταν
657 4075 834 4156 κατόεροένα
846 4066 910 4157 ’πρὸ
929 4073 1044 4149 ποδῶν,

151 4200 183 4265 iri
215 4213 247 4265 ut
281 4201 320 4264 ab
351 4200 580 4290 elegantissima
611 4199 746 4266 muliere
780 4199 960 4287 proiectum
988 4208 1124 4288 putem,
1162 4195 1251 4263 nullo
