2828 4936
688 271 869 333 ...22-

231 457 379 525 conririo
410 479 446 521 ax
478 466 623 545 tempore
647 455 780 534 iecisse,
811 468 848 523 ut
876 454 1053 523 Dictimnm
1084 455 1220 521 obscuro
1250 455 1323 523 loco

228 578 381 647 latentem
398 577 560 666 Antigono
581 577 649 664 regi
669 576 920 646 commendaret.
968 577 1082 665 Neque
1103 597 1152 641 res
1176 587 1265 641 certa
1282 575 1323 644 de

230 697 372 766 disticho
399 695 485 787 apud
516 695 637 768 Athen.
655 697 706 776 X,
732 695 863 766 4421).
908 696 1058 777 Πολέμων
1078 695 1112 762 δὲ
1134 696 1166 761 ἕν
1188 698 1232 779 τῷ
1254 696 1323 778 περὶ

228 823 288 885 τῶν
311 818 398 885 κατὰ
420 817 527 892 πόλεις
546 816 800 899 ἐπιγραμμάτιον
821 817 891 901 περὶ
913 818 1042 886 Ἠλείων
1065 817 1167 897 λέγων
1189 819 1324 900 παρατί-

229 940 316 1006 άεται
333 936 403 1004 τάδε
425 937 461 1003 τὸ
485 938 697 1022 ἐπίγραμμα·

316 1056 412 1134 Ἦλις
435 1057 488 1124 καὶ
511 1059 617 1139 μεθύει
638 1059 691 1126 καὶ
711 1057 880 1140 ψεύδεται·
899 1053 963 1131 οἷος
981 1055 1114 1128 ἑκάστου

409 1175 489 1254 οἶκος
501 1228 522 1255 ,,
536 1180 603 1254 ποίη
624 1179 661 1255 δὴ
684 1179 737 1247 καὶ
761 1177 932 1256 ξυνάπαοα
949 1176 1053 1261 πόλις.

230 1298 325 1388 Quod
344 1322 531 1392 comparare
552 1300 653 1390 possis
675 1319 749 1367 curn
773 1299 836 1388 Ep.
860 1299 902 1369 A.
919 1299 956 1368 Ρ.
977 1297 1047 1376 xl,
1073 1301 1140 1365 235
1152 1347 1163 1378 ,
1188 1300 1267 1368 236.
1293 1312 1325 1364 et

228 1423 316 1514 App.
341 1421 403 1511 Ep.
429 1423 506 1491 132.

321 1539 479 1616 Ἀσπίδα,
501 1545 634 1625 φρῦνον,
657 1537 730 1624 ὅφιν
747 1539 800 1606 καὶ
819 1537 978 1615 Λαδικὲας
996 1540 1188 1623 περίφεονε,

413 1660 466 1727 καὶ
490 1658 569 1729 κύνα
590 1662 749 1739 λντοιιτίιν
771 1659 824 1728 καὶ
846 1658 929 1728 πάλι
951 1658 1120 1738 Asinaios.

230 1781 296 1850 Sed
312 1803 377 1849 non
397 1802 592 1871 magnopere
611 1780 740 1848 obnitsr
757 1781 784 1846 si
808 1782 882 1873 quis
903 1781 984 1849 haee
1000 1793 1133 1872 propter
1151 1803 1326 1872 argumen-

230 1917 300 1972 tum
321 1901 477 1969 librorum
502 1900 684 1969 Polemonis
709 1923 747 1970 ex
770 1901 888 1992 quibus
907 1900 1006 1971 doctr
1032 1914 1129 1980 sunt,
1151 1925 1190 1972 ex
1219 1902 1327 1993 lapide

229 2023 391 2114 descripta
420 2020 540 2090 habere
570 2021 686 2102 malit,
709 2035 747 2090 ut
776 2044 814 2091 ea
837 2033 962 2091 tantum
990 2022 1209 2114 inscriptionis
1234 2036 1327 2113 parte

230 2148 296 2214 sire
316 2143 476 2234 particula
495 2162 570 2209 nsns
587 2141 630 2209 sit
650 2140 855 2224 Athenaeus,
879 2165 943 2233 qua
962 2142 1116 2212 Eleorum
1137 2165 1243 2211 mores
1265 2167 1326 2211 no·

230 2267 405 2346 tabentes,
437 2261 561 2354 reliqua
582 2262 739 2332 omiserit.
785 2265 829 2332 m
853 2264 962 2354 potnit
988 2264 1027 2332 iis
1054 2265 1088 2330 in
1118 2262 1328 2354 inscriptione

229 2411 295 2457 non
321 2388 427 2454 minus
455 2394 549 2473 aptus
568 2405 637 2452 esse
666 2381 755 2449 iocus
776 2404 872 2473 qnam
895 2380 946 2450 his
974 2382 1136 2452 Leonidae
1161 2383 1325 2468 rensibus,

187 2511 271 2599 5A.
297 2509 336 2577 Ρ.
357 2506 445 2585 vn,
469 2507 549 2575 654.

323 2625 392 2694 Atat
415 2624 544 2702 λιιῖσταὶ
567 2625 622 2692 καὶ
641 2621 801 2709 άλιφάάροι
823 2621 891 2690 οὐδὲ
908 2623 1017 2691 δίκαιοι

413 2753 549 2828 Κρῆτες·
572 2745 621 2819 τίς
644 2751 768 2828 Κρητῶν
789 2739 852 2812 οἶδε
874 2743 1087 2822 δικαιοσάνννς

232 2868 279 2938 cl.
302 2866 350 2937 ib.
371 2869 450 2932 275.
478 2871 512 2937 6.
557 2864 608 2933 Ita
638 2887 738 2932 unum
769 2863 931 2932 distichon
959 2866 1197 2956 epigrammatis
1225 2890 1327 2959 appo·

232 2989 298 3054 snit
322 2984 507 3055 Athenaeus
539 2986 655 3051 iterum
674 2985 738 3052 ΧΠ
752 3035 763 3066 ,
789 2989 854 3052 644
878 2985 919 3055 A.
964 2985 1135 3069 Παρράσιος
1163 2984 1327 3073 totenes

230 3111 274 3191 τῷ
296 3108 423 3175 πίνακι·

323 3223 381 3304 οἶος
404 3227 431 3292 δ’
451 3226 587 3309 ἐννύχιος
607 3222 789 3307 Φαντάζετο
805 3224 945 3293 πολλάκι
963 3232 1080 3311 φοιτῶν

412 3347 575 3430 Παρρασίῳ
596 3344 635 3411 δι’
658 3341 775 3422 ὕπνου,
798 3354 878 3422 τοῖος
897 3345 942 3415 δ’δ’
964 3347 1049 3415 ε’ττὶν
1067 3349 1161 3431 aipein,

234 3483 270 3536 nt
299 3468 455 3560 particulo
485 3471 517 3534 in
548 3465 642 3533 initio
663 3463 819 3533 collocata
841 3465 950 3536 docet.
996 3470 1040 3534 Et
1070 3489 1170 3534 unum
1201 3480 1328 3540 tanturn

231 3605 342 3682 putem
368 3610 434 3655 esse
468 3610 593 3655 versum
624 3585 776 3653 carminis
797 3586 944 3677 Pompeii
977 3585 1125 3676 sepulcro
1152 3588 1326 3683 inscripti,

233 3710 320 3804 quod
353 3709 546 3791 ἐπίγραμμα
569 3707 648 3772 dicit
679 3704 843 3794 Appianus
871 3705 911 3772 de
937 3705 976 3774 Β.
997 3704 1035 3774 G.
1060 3705 1116 3787 11,
1141 3711 1198 3779 86.
1233 3711 1325 3782 t.11.

231 3858 266 3924 p.
287 3834 366 3897 293.
391 3829 427 3895 si
447 3829 479 3895 δὲ
497 3827 603 3894 λοιπὸν
622 3824 715 3905 σῶμά
734 3850 783 3901 τις
803 3823 918 3906 ἔθαψεν
938 3823 990 3891 ἐπὶ
1008 3835 1064 3903 τῆς
1082 3827 1175 3906 ἠϊόνος
1194 3831 1246 3898 καὶ
1266 3831 1324 3899 τά·

230 3959 290 4036 Φον
310 3953 430 4034 ἤγειρεν
453 3948 586 4024 εὐτελῆ·
611 3943 663 4012 καὶ
687 3945 881 4029 ἐπίγραμμα
898 3943 996 4022 ἄλλος
1017 3949 1198 4032 ἐπέγραψε·

323 4076 366 4154 τῷ
389 4076 472 4144 ναοῖς
491 4067 624 4149 βρίθοντι
648 4065 729 4144 πόσοι
751 4064 864 4141 σπάνις
884 4065 999 4138 ἔπλετο
1018 4070 1164 4152 τύμβον,

235 4193 320 4285 apud
345 4188 519 4280 Cephalum
551 4190 634 4258 inter
662 4186 894 4265 Ἐπιδεικτικά,
923 4191 963 4261 A.
987 4193 1023 4260 P.
1044 4191 1089 4260 lx
1103 4242 1111 4272 ,
1138 4197 1241 4290 «ξολ,
1267 4217 1327 4262 nec
1372 4206 1379 4213 '
