2828 4936
680 229 883 288 -152—

326 411 407 483 ei'oi
431 413 481 478 ἐπ’
504 415 674 496 ἀνθρώπους
695 413 904 492 θνομώκλνπον
929 410 1059 491 dynato
1084 436 1120 477 τε
1141 412 1254 488 vitreo,

412 540 535 602 Μοισῖιν
554 534 643 606 ἕκοιτι
667 537 762 612 θώκοιυ
781 533 973 618 ἰοστεφάνων
995 533 1102 599 θεώων.

233 654 422 727 Rectissime
445 655 588 722 dietum:
616 654 825 736 θνοροοθκλυτον
848 655 899 721 ἐπ’
918 655 1089 738 ἀνθρώπους
1111 654 1220 730 υθιιοιν,
1245 652 1336 746 quod

232 786 354 843 temere
382 776 432 842 vel
456 777 581 865 vulgata
608 778 747 843 lectione
775 789 896 841 serrata
928 776 960 839 iu
994 773 1138 840 dativum
1168 775 1336 869 ἀνθρώποις

230 898 367 965 mutarit
390 899 583 965 Brunckius.
633 899 768 964 Dativus
799 899 850 967 ἐπ’
874 897 1037 978 ἀνθρώποις
1069 896 1227 986 signifieat
1262 897 1335 964 »in

230 1041 339 1085 rerum
373 1032 484 1085 natura
500 1024 535 1099 ,''
569 1033 604 1085 ut
638 1021 670 1084 in
703 1021 801 1086 Hom.
835 1017 898 1087 0d.
922 1018 1026 1098 XIII,
1052 1020 1108 1084 60.
1145 1025 1246 1100 γῆθος
1278 1017 1334 1088 aet

230 1139 384 1216 deivarae,
408 1138 451 1207 τώ
472 1146 502 1213 τ’
522 1142 573 1206 ἐπ’
592 1140 771 1223 ἀνθρώποισι
794 1139 961 1216 πέλονται,
987 1141 1011 1207 i.
1032 1161 1064 1207 e.
1089 1160 1170 1227 quae
1192 1136 1337 1206 humana

231 1273 314 1326 sunt.
341 1259 478 1331 Theocr.
498 1261 565 1341 XI,
593 1266 625 1330 3.
650 1265 765 1346 κοῦφον
787 1259 821 1332 δέ
844 1285 874 1327 τι
895 1265 985 1327 τοῦτο
1006 1258 1059 1328 eoi
1081 1256 1140 1325 eto
1158 1258 1260 1339 γίνετ’
1283 1261 1337 1327 ἐπ’

229 1383 415 1465 ἀνθρώποις,
447 1384 534 1466 εὑρών
565 1383 591 1448 δ’
612 1386 646 1450 οθ
680 1381 780 1468 ρρθδιθν
809 1382 883 1449 ἕντι.
914 1382 996 1450 Plat.
1027 1380 1174 1470 Euthyd.
1205 1405 1241 1473 p.
1267 1384 1336 1448 278

230 1503 273 1572 Α.
308 1504 404 1583 θνοριοι
434 1505 484 1569 ἐπ’
516 1505 679 1587 ώνθρώποις
714 1501 857 1576 ἕνοιντθως
888 1500 996 1584 ἔχουσι
1032 1500 1181 1581 κείμενον.
1214 1501 1334 1594 Symp.

231 1647 267 1715 p.
291 1625 352 1689 186
377 1624 418 1693 Δ.
465 1624 583 1690 Versus
612 1625 645 1689 in
677 1623 807 1690 Hesiod.
833 1636 865 1689 et
895 1623 992 1691 Hom.
1018 1621 1106 1691 Cart.
1139 1646 1174 1714 p.
1192 1625 1273 1692 248.
1298 1628 1335 1697 9.

229 1752 286 1822 τῆς
306 1744 418 1828 σοφθνς
437 1745 469 1811 δὲ
489 1744 522 1811 τί
538 1743 658 1829 τέκμωρ
683 1745 734 1812 ἐπ’
754 1746 932 1829 ώνθρώποιοι
956 1743 1114 1829 πέφυκενς
1142 1745 1181 1831 Q.
1200 1744 1335 1835 Smyro.

230 1866 270 1943 θ’,
297 1871 374 1946 [ιθ-8,
399 1869 431 1934 el
449 1868 476 1933 δ’
494 1868 545 1933 ἐπ’
568 1865 696 1950 ώνδρώσι
719 1869 807 1934 λώϊον
826 1865 1000 1944 ώλλοθῆκε
1030 1865 1116 1943 θεώςς
1153 1865 1217 1933 Sed
1237 1888 1337 1933 aceu-

230 1989 349 2054 satiaus
369 1992 499 2080 propria
517 1989 638 2055 dicitur
657 1989 697 2055 de
720 1991 802 2056 fame
822 2012 881 2077 per
901 2012 1011 2055 omnes
1031 1986 1178 2056 homines
1202 2011 1335 2080 sparse,

231 2121 268 2174 ut
299 2111 331 2175 in
365 2110 499 2176 Homer.
532 2109 572 2176 ll.
596 2109 648 2188 X,
676 2113 754 2177 212.
786 2107 876 2189 μένοι
909 2109 961 2177 κέν
983 2109 1010 2176 οἱ
1034 2108 1212 2193 ὑπουράνιον
1242 2109 1337 2186 κλέος

228 2227 275 2305 εἴν
296 2228 421 2306 πώντοις
445 2232 497 2296 ἐπ’
524 2231 707 2312 ἀνθρώπους.
738 2229 923 2298 Mimnerm.
957 2229 999 2298 ir.
1023 2233 1074 2296 15.
1110 2231 1167 2298 κοιθ
1195 2255 1252 2312 μιν
1282 2231 1337 2298 ἐπ’

227 2353 399 2436 ἀνθρώπους
422 2350 519 2438 βώξις
543 2350 612 2434 ἔχει
635 2351 779 2433 zetarii.
828 2349 922 2420 Unde
951 2350 1144 2440 intelligitur
1176 2354 1209 2419 iu
1239 2353 1337 2421 Arati

229 2497 275 2543 vs.
301 2477 398 2540 1036.
422 2475 455 2548 τθ,
473 2497 519 2539 τοι
539 2472 625 2553 λέγω
643 2470 723 2539 ώσσοι
744 2470 893 2540 πέλοντοιι
917 2473 1037 2553 σώματ’
1059 2473 1110 2539 ἐπ’
1134 2476 1335 2557 ώνθρώπονςς

228 2595 434 2664 scribendum
466 2619 532 2662 esse
559 2597 610 2668 ἐπ’
636 2596 811 2677 ἀνθρώποις.
861 2595 899 2660 [n
932 2617 1023 2660 versu
1058 2595 1172 2662 ultimo
1207 2597 1333 2668 codex:

166 2748 170 2757 ·
229 2720 325 2797 θώκοιυ
344 2715 537 2800 θοστεφώνωυ
562 2718 634 2782 θεῖον
653 2714 909 2795 taurinatem.
934 2739 1016 2804 quae
1036 2718 1070 2782 in
1088 2740 1196 2784 versus
1216 2742 1335 2787 nume-

228 2862 282 2905 ros
301 2839 408 2926 coegit
431 2836 576 2916 Neuius,
603 2860 699 2927 quem
724 2848 851 2903 secutus
873 2850 920 2902 est
953 2836 1119 2924 Bergkius.
1168 2839 1332 2929 Equidem

229 2963 353 3039 Μοισθιν
370 2956 458 3024 ἕκοιτι
484 2959 642 3048 praetuli,
669 2959 848 3055 postposito
879 2958 918 3027 de
939 2980 1030 3026 more
1051 2958 1248 3031 Graecorum
1273 2960 1333 3028 ad·

228 3082 354 3149 verbio.

272 3203 410 3292 Propter
431 3200 596 3267 victoriam
617 3202 649 3266 in
671 3202 845 3269 certamine
867 3202 1009 3291 equestri
1026 3213 1221 3292 reportatam
1242 3204 1334 3293 Tyn·

228 3323 349 3391 doridis
376 3344 491 3388 munus
514 3321 677 3389 obtulerat
707 3322 912 3400 Euaenetus,
937 3322 970 3387 in
994 3321 1086 3398 ouius
1109 3323 1245 3411 gratiam
1279 3324 1332 3392 in·-

228 3446 435 3536 roriptionem
468 3445 652 3534 composuit
692 3442 931 3524 0ollimmhm,
967 3445 1073 3510 nativo
1106 3446 1246 3515 candore
1278 3445 1334 3513 in-

229 3569 350 3656 ¹siguum
375 3567 414 3631 A·
437 3565 473 3632 P.
494 3566 563 3642 vl,
590 3569 668 3632 149.

319 3683 414 3761 Φησὶν
436 3681 455 3748 θ’
474 3709 516 3764 με
540 3685 659 3760 στώσοις
683 3686 849 3759 Εὐαίνετος
867 3723 913 3739 -
933 3687 966 3750 οώ
989 3684 1056 3766 γὰρ
1076 3685 1201 3767 ἔγωγε·

408 3806 572 3885 γιγνώσκω
587 3842 633 3853 -
647 3805 731 3880 νθιονς
751 3805 824 3872 οθντθ
844 3831 886 3884 ροε
909 3813 965 3881 τῆς
985 3806 1061 3882 ἰδίως

317 3926 483 4006 texeretur
503 3922 654 4005 χώλκειον
674 3926 829 4008 daturne
852 3927 1071 4011 Τυνδοιρθδρσι·

407 4045 542 4113 πιστεύω
568 4048 695 4129 Φοιιθροο
720 4046 806 4114 τουδὶ
833 4048 1038 4126 arietantem

102 4155 114 4201 t
228 4171 273 4248 Ena
298 4167 554 4258 Tyndaridarum
580 4171 762 4248 mentione,
787 4173 839 4235 cui
869 4172 979 4238 confer
997 4172 1089 4242 Pind.
1116 4170 1267 4255 01.111‚
1296 4178 1330 4245 1.
