2828 4936
589 273 747 333 ...3.-

112 460 150 528 1n
178 458 328 526 ultimum
349 455 492 547 denique
522 457 667 524 reiiciam
692 455 799 523 locum
827 459 969 524 carmine
991 479 1073 548 quoe
1098 458 1137 525 ad
1166 459 1214 528 la·

111 577 281 648 ceaaendoa
301 576 544 669 irridendoeque
565 577 778 668 aliorecripta
794 591 889 646 eunt:
912 579 1095 648 naeniae.
1122 580 1214 650 Utri·

111 721 215 793 oeque
233 699 333 790 partia
345 698 542 768 carminibus
560 721 621 792 per
639 697 741 766 libror
758 699 888 789 digeatir
908 700 1085 768 secundum
1106 700 1215 770 direr-

112 840 145 890 ea
173 842 289 912 genera
311 834 345 888 et
368 823 470 888 variae
491 840 646 912 generum
667 822 811 910 speclea,
836 820 1035 910 cingulorum
1055 822 1215 892 librorum

112 943 218 1034 capita
234 941 435 1035 disponenda
455 943 688 1009 enuntiatione
700 940 811 1008 habita
828 942 942 1010 aetalia
957 963 1021 1032 qua
1035 943 1215 1014 floruerunt

112 1076 228 1158 poetae
251 1062 518 1155 ringularumque
539 1061 810 1153 lnthologiarum
830 1062 1025 1134 conditorer.
1072 1064 1119 1132 Er
1140 1067 1215 1156 qui·

112 1186 173 1252 bue
194 1181 278 1250 milri
306 1183 339 1250 in
367 1183 606 1273 epigrammatis
628 1182 821 1273 colligendis
841 1195 875 1251 et
896 1182 1116 1252 dercrilaendie
1135 1205 1215 1277 pru·
1359 1190 1362 1195 ‘

113 1303 302 1370 doatiraimo
325 1301 463 1395 coneilio
484 1323 560 1370 aaut
581 1325 649 1370 eme
672 1301 804 1370 videtur
833 1303 988 1395 Agathiar
1007 1304 1214 1396 llyrinaeua,

113 1425 169 1516 qui
187 1423 373 1515 aequalium
390 1436 560 1516 poetarum
583 1424 726 1492 carmina
745 1433 869 1514 reptem
892 1423 983 1492 librir
1001 1425 1212 1517 compleret,

113 1549 145 1615 ln
173 1558 240 1614 tree
270 1543 396 1636 prioreo
424 1567 462 1612 ea
481 1545 604 1613 ‘retulit
639 1558 807 1637 quaerut
840 1566 949 1613 revera
988 1547 1214 1638 inscriptione·

114 1678 207 1736 eraut
227 1677 295 1732 aut
327 1663 367 1731 ad
390 1665 638 1757 inscriptionum
670 1666 842 1758 imaginem
871 1668 1031 1758 acriptae,
1056 1668 1215 1759 epigrrtu·

114 1800 237 1855 metum
268 1806 345 1852 aero
371 1783 494 1853 direraa
524 1807 640 1877 genere
668 1786 702 1853 iu
725 1800 866 1878 quatuor
890 1788 1085 1878 porteriorer
1105 1786 1215 1856 diatri-

96 1908 198 1990 lauit.
243 1906 336 1976 Idem
360 1906 532 1975 concilium
554 1908 587 1975 iu
609 1906 792 1998 digerendis
811 1909 1010 1976 carminibue
1036 1908 1100 1976 luit
1122 1910 1214 1980 Gon·

117 2029 247 2096 etantiui
280 2027 463 2120 cephalae,
497 2028 551 2096 aed
585 2041 705 2120 quanta
743 2030 866 2098 incuria
899 2029 1057 2122 cephalae
1089 2030 1121 2099 in
1153 2031 1216 2100 hac

112 2150 289 2241 partitione
318 2151 352 2217 in
383 2147 484 2218 libror
507 2162 539 2217 et
558 2149 667 2242 capita
691 2162 833 2218 vereatur
859 2152 922 2232 ait,
958 2149 1084 2243 patebit
1110 2174 1149 2222 er
1174 2154 1216 2221 iia

115 2293 197 2364 quae
220 2273 355 2364 eparoim
378 2283 412 2340 et
434 2273 551 2363 peaeim
578 2273 619 2339 ad
643 2273 769 2363 ringeln
789 2274 1018 2364 epigrammate
1048 2275 1216 2341 annotari·

114 2415 197 2467 mue.
244 2393 454 2484 Antiquiorea
473 2414 574 2474 vero,
601 2392 760 2483 Meleager
782 2408 816 2460 et
836 2391 1029 2484 Philippur,
1054 2393 1144 2460 nulla
1161 2415 1215 2461 ar·

112 2514 258 2605 gementi
281 2515 408 2582 ratione
431 2512 564 2594 habita,
589 2515 820 2604 epigrammata
849 2511 1025 2580 occandum
1045 2512 1213 2582 literarum

112 2633 259 2702 ordinem
288 2633 536 2726 disposuerunt,
562 2655 701 2725 qaorum
721 2633 879 2700 rationem
905 2645 1032 2701 aocotur
1049 2646 1098 2702 eet
1120 2633 1214 2703 laco·

111 2756 197 2823 brim
215 2757 247 2822 in
270 2756 494 2825 concionando
518 2754 709 2849 Appendice
729 2755 1006 2847 Epigrammotum
1024 2753 1064 2821 ad
1086 2753 1214 2825 lnthe-

112 2877 229 2969 logiam
255 2875 445 2947 Palatinam.
492 2876 588 2947 Unde
609 2879 709 2970 magia
738 2879 834 2944 etiam
862 2897 960 2967 quem
981 2896 1019 2943 en
1037 2877 1214 2944 maioribua

111 2999 298 3090 lragmemio
321 2998 536 3090 lnthologiae
555 2998 711 3092 Meleagri
729 3011 762 3067 et
783 2998 955 3090 Philippi,
980 3020 1066 3088 quae
1081 2999 1114 3066 ic
1136 2997 1215 3067 uto·

109 3120 228 3212 rilegio
270 3119 433 3213 cephalae
463 3133 585 3188 cervara
617 3133 827 3213 comparent,
863 3121 1058 3211 perspicitur
1094 3119 1214 3211 quibue

110 3240 328 3312 incommodis
351 3240 430 3306 haec
455 3241 538 3306 ratio
558 3240 695 3310 laboret.
742 3241 824 3310 Nam
849 3254 982 3332 propter
1004 3239 1067 3309 hoc
1084 3242 1213 3310 iuetitu·

34 3420 39 3428 .
110 3376 181 3433 tum
207 3359 274 3427 duo
301 3359 530 3452 epigrammata
563 3359 595 3426 in
628 3352 774 3439 liuram,
799 3360 942 3427 eiusdem
966 3362 1054 3452 cippi
1082 3361 1213 3452 eingulia

110 3480 269 3550 lateribus
292 3478 479 3570 incompta,
505 3477 652 3547 lacubaio
674 3478 863 3548 diaiioieuda
887 3479 1019 3549 fuerunt
1032 3529 1041 3562 ,
1067 3482 1140 3549 aliia
1162 3485 1213 3550 iu·

112 3604 278 3683 teriectia‚
308 3625 340 3672 r.
361 3623 391 3670 c.
416 3602 483 3671 388
501 3614 534 3669 et
559 3584 637 3671 349.
684 3602 730 3671 Ut
751 3603 812 3670 tria
838 3603 1068 3694 epigrammata
1089 3606 1123 3671 in
1143 3604 1215 3673 lle-

110 3723 270 3792 nandrum
295 3747 324 3818 a
355 3722 495 3790 Grutero
509 3740 512 3745 ·
526 3744 564 3790 er
592 3743 657 3789 uno
688 3721 870 3816 eodemque
901 3723 1020 3793 Herma
1052 3724 1214 3818 deacriptr

112 3845 242 3912 diraraia
271 3843 422 3933 leguntur
450 3844 553 3925 lucia,
586 3867 617 3914 a.
640 3866 672 3916 c.
696 3847 782 3928 185,
807 3848 873 3915 286
887 3895 896 3928 ,
921 3850 1014 3930 8773
1040 3849 1117 3916 item
1145 3847 1212 3938 duo

112 3965 173 4032 alia
194 3966 227 4031 iu
252 3965 456 4045 liemarum,
482 3988 513 4035 r.
537 3987 567 4033 c.
604 3970 665 4033 idi
686 3979 719 4033 et
740 3969 819 4039 279.
866 3968 939 4034 Pari
963 3967 1061 4036 modo
1093 3964 1215 4036 treton

112 4105 169 4176 gro
190 4097 223 4152 et
240 4085 394 4178 Philippo
411 4085 504 4178 plura
524 4088 687 4167 carmina,
713 4109 750 4155 er
773 4087 886 4155 eodem
907 4087 1034 4155 tumulo
1052 4084 1219 4161 eiusdem.

113 4231 175 4298 que
197 4220 319 4275 etatuae
340 4209 406 4277 basi
438 4207 621 4301 descripta,
649 4210 840 4302 eeiuugenda
864 4211 1018 4290 luerunt,
1044 4228 1126 4299 quae
1149 4210 1212 4277 cri·
1304 4239 1306 4245 ¹

937 4331 951 4396 1
967 4335 986 4375 a
