2828 4936
607 252 812 314 -127-
893 246 896 251 ’

157 425 390 528 epigiammata
424 457 505 525 quac
532 434 687 526 Cephalus
717 438 899 527 inscripsit:
932 434 1169 519 ἐπιγράμματα
1198 436 1264 504 δια-

155 556 259 644 φάμιιι
284 557 403 640 μέσσαν
426 571 458 627 et
479 560 512 625 iu
532 558 657 627 librum
687 558 859 626 Decimum
880 559 1025 627 Tertium
1056 557 1191 625 collecta
1210 558 1266 627 de·

157 679 220 754 dit.
269 678 307 745 ln
332 702 398 768 quo
421 679 461 745 ad
483 700 513 747 c.
535 682 601 746 28.
616 677 812 770 adscriptum
834 679 954 770 legitur
976 691 1104 772 praeter
1124 679 1267 748 Simoni·

155 800 208 868 dis
229 821 366 867 nomen:
400 799 616 883 Καλλιμάχου
647 800 700 867 ἐπὶ
729 804 774 884 agi
796 803 891 885 (αὐτῷ
917 801 1120 886 τετραμέτρῳ
1140 801 1266 876 ἕνδεκα·

154 921 341 1002 cinaedos,
369 922 454 991 uude
478 923 629 990 nonnulli
654 923 852 1014 epigramma
869 922 1045 991 Simonidis
1066 921 1267 992 callimacho

155 1045 357 1114 tribuerunt.
405 1043 470 1112 Sed
494 1044 669 1113 Simonidis
699 1067 828 1112 carmen
852 1047 1047 1136 sequebatur
1073 1043 1267 1113 callimachi

155 1167 358 1256 ¹epigramma
379 1166 466 1256 quod
489 1167 574 1234 inter
602 1165 794 1257 sepulcralia
821 1169 853 1233 in
877 1166 995 1236 (lodice
1012 1166 1168 1234 .Palatino
1185 1165 1266 1233 reia·

156 1298 230 1353 tum
259 1300 361 1355 exstat
382 1288 466 1368 vll,
499 1311 530 1357 c.
550 1290 628 1357 728.
662 1290 695 1354 in
729 1288 794 1355 alio
824 1311 900 1354 sero
930 1280 1266 1378 tibrors‘manuseripao

156 1410 243 1476 inter
276 1409 506 1499 epigrammata
541 1409 620 1475 libri
655 1410 784 1477 Decimi
812 1411 913 1485 Tertii
952 1410 1148 1500 legebatur.
1180 1408 1265 1475 lude

157 1528 276 1597 ductae
303 1531 399 1596 etiarn
430 1528 601 1596 Simmiae.
623 1530 861 1619 inscriptiones
878 1529 1019 1605 Πέλειαι
1045 1543 1078 1598 et
1105 1528 1265 1614 aalma

151 1651 290 1732 Ἔρασος
314 1649 363 1717 Α..
381 1650 419 1719 Ρ.
438 1648 521 1728 Π,
545 1653 589 1716 22
613 1661 646 1716 et
666 1654 726 1723 24.
752 1650 888 1742 quaram
913 1651 995 1719 baec
1016 1665 1140 1718 statues
1164 1653 1266 1719 Amo·

156 1771 350 1849 sicelatus,
375 1772 408 1837 in
434 1769 557 1860 templo
581 1770 747 1837 dedicatae
769 1774 866 1838 incisa
896 1773 981 1852 tuit,
1008 1770 1086 1838 baec
1113 1772 1194 1862 Epci
1216 1794 1265 1839 se·

156 1893 252 1968 curi,
278 1889 538 1981 qaam·‘dtbsuis
562 1893 777 1962 asservabant.
824 1895 864 1961 lu
885 1895 923 1959 iis
944 1895 1116 1983 conspicua
1138 1892 1216 1958 felia
1232 1904 1265 1959 et

157 2010 261 2079 audax
290 2024 323 2080 et
353 2036 426 2079 sana
458 2012 557 2080 dictio
578 2027 611 2080 et
641 2013 998 2115 metronchoriambico
1026 2037 1151 2104 semper
1183 2013 1265 2105 pede

158 2135 269 2203 demto
294 2134 499 2202 decrescente
523 2135 678 2202 facillima
705 2137 831 2202 ratione
849 2138 1011 2226 poematia
1028 2135 1263 2203 accommodari

158 2268 309 2347 poterant
333 2268 509 2323 statuarum
540 2255 659 2347 quibus
690 2257 943 2341 inscriberentur
974 2257 1108 2327 formae.
1157 2256 1263 2325 Etiam

159 2376 319 2446 {losiadae
347 2378 410 2445 dra
436 2378 605 2469 inscriptio
633 2378 696 2443 fuit
726 2398 810 2466 quae
835 2376 919 2443 drae
945 2376 1000 2441 cui
1023 2378 1176 2466 inscripta
1196 2389 1266 2444 erat

157 2500 294 2588 liguram
318 2497 491 2569 referebat.
537 2498 577 2565 ld
600 2497 688 2586 quod
717 2496 954 2565 demonstratur
978 2520 1084 2565 sersus
1104 2497 1266 2588 adscripta

158 2620 189 2686 iu
216 2621 258 2688 Δ.
281 2620 318 2687 Ρ.
339 2619 422 2696 XV,
447 2623 504 2688 25.
1112 2692 1115 2697 ,

247 2738 398 2807 Δωσιάδα
414 2739 523 2822 βωμὸς
544 2739 684 2823 Δωριέως
704 2736 738 2806 da
755 2737 870 2806 ἕσσασε
893 2735 1027 2818 μσάσαις
1051 2739 1083 2803 ἐν
1102 2744 1170 2825 γᾷ,

159 2884 242 2952 quae
258 2862 354 2927 rerba
375 2862 531 2928 facillime
552 2862 696 2928 numeris
720 2858 950 2926 choriambicis
971 2858 1171 2950 adstringas:

248 2981 398 3051 Δωσιάδα
418 2983 554 3067 Δαμέας
574 2983 681 3064 βωμὸς
702 2978 734 3048 du
754 2979 867 3048 ἕσσασ’Ι
886 2978 935 3046 est
948 2985 1037 3066 gqis
1060 2979 1215 3057 Μιάσαις.

159 3104 289 3171 Poetam
321 3105 426 3193 ipsum
458 3128 522 3171 non
546 3104 708 3170 diversum
741 3102 844 3169 habeo
872 3102 913 3166 ab
943 3099 1098 3168 historico
1130 3103 1188 3192 qui
1216 3125 1264 3170 res

159 3223 363 3293 Cretensium
398 3225 611 3313 perscripsit,
637 3249 668 3292 s.
695 3222 815 3290 Athen.
834 3223 879 3290 IV
894 3272 915 3299 ,.
932 3224 1019 3303 rte.
1033 3223 1073 3301 tl.
1095 3224 1155 3300 Vl,
1184 3228 1265 3294 264.

160 3350 201 3416 Α.
230 3343 327 3412 Diod.
351 3344 419 3412 Sic.
438 3344 486 3422 V,
511 3347 567 3413 80.
616 3346 722 3411 Etiam
742 3342 937 3433 epigramma
962 3347 1003 3409 A.
1021 3343 1059 3410 Ρ.
1080 3343 1159 3422 vll,
1187 3348 1263 3415 154.

160 3467 246 3559 quod
270 3468 368 3556 cippo
404 3465 603 3556 insculptum
633 3466 714 3553 legit¹
745 3467 838 3531 Paus.
857 3464 893 3540 l,
920 3466 974 3530 43.
1000 3467 1073 3531 7.a
1103 3463 1266 3556 Meleagro

159 3589 357 3678 descriptum
380 3599 484 3677 puto,
511 3587 588 3656 item
621 3585 783 3654 distichon
807 3587 839 3652 in
871 3605 991 3675 equum
1023 3584 1176 3653 Phidolae
1199 3586 1264 3669 Vl,

162 3715 236 3779 135.
265 3710 331 3774 basi
357 3710 548 3799 inscriptum
574 3709 649 3798 equi
673 3708 734 3774 deo
755 3709 855 3775 dicati
881 3732 911 3775 s.
933 3708 1027 3776 Paus.
1053 3708 1122 3787 Vl,
1150 3712 1204 3780 13.
1228 3716 1261 3779 5.

159 3845 190 3898 et
211 3831 272 3896 alia
306 3844 341 3896 ut
376 3824 538 3897 Leon-idae
564 3832 762 3921 epigramma
784 3824 959 3908 Vl‚'l.30.
993 3831 1076 3921 apud
1108 3832 1200 3899 Paus.
1225 3831 1263 3910 l,

162 3958 215 4022 13.
241 3956 272 4016 2.
311 3952 475 4042 Antipatri
496 3968 626 4042 quoque
650 3951 781 4019 Sidonii
803 3952 1000 4041 epigramma
1032 3954 1065 4018 in
1086 3952 1263 4019 Homerum

161 4078 202 4143 A.
236 4074 272 4141 P.
296 4070 380 4147 Vll.
417 4077 450 4140 6.
488 4074 519 4138 in
555 4073 661 4165 lapide
690 4070 848 4164 scripturn
880 4087 1005 4152 exstat,
1042 4071 1094 4140 scd
1126 4074 1263 4141 alterurn

161 4197 302 4263 eiusdem
332 4207 445 4283 poetae
472 4196 503 4261 in
540 4195 715 4264 llornerurn
745 4197 940 4287 epigramma
966 4197 1108 4277 vt1,a.
1144 4195 1263 4264 descri-
