2828 4936
566 264 749 327 ...μγ-

97 446 157 515 rlur
190 462 223 515 et
257 451 368 516 tertius
403 448 487 541 npud
525 449 704 517 lneobeium
741 450 892 541 leguntur
922 452 984 519 ita:
1021 454 1196 535 μυρομένοις

95 570 207 653 κούροιν
219 609 265 623 -
282 573 446 652 Νενπίμοις
467 573 493 637 θ’
512 566 561 646 ἃς.
613 570 741 641 (indere
765 573 923 655 μυρομένοι
942 574 1036 656 utne
1051 611 1097 624 —
1115 582 1197 645 Neu·

95 691 195 771 πίμιις
214 687 264 767 οἷς.
314 692 472 784 Equidem
494 693 702 782 participium
724 691 762 758 ad
786 714 963 783 pronomen
984 694 1034 761 rol
1054 695 1200 764 releren-

96 810 175 879 dum
205 810 316 903 putari
344 825 376 879 et
408 811 585 901 legitimum
614 813 788 879 aneuautiri
811 814 952 903 regimen
976 816 1074 882 rerbu
1103 816 1199 901 μύρο-

93 934 166 999 clar
191 930 313 1001 addidi.
350 931 551 999 Hermannus
575 931 652 1022 quid
678 930 718 998 de
743 932 807 1001 lrne
829 935 975 1004 earmine
992 940 1141 1005 statuerit
1165 938 1198 1005 in

97 1051 270 1144 Opuaeulis
288 1052 468 1120 diiudicare
486 1075 629 1143 nequeo,
655 1076 754 1143 quum
769 1077 879 1121 eorum
894 1055 1146 1125 reluminemilri
1159 1057 1198 1124 erl

97 1196 211 1241 manus
231 1196 296 1240 nen
313 1174 389 1241 rint.
436 1172 525 1239 vna
548 1170 692 1255 μροιππὸο
711 1172 752 1240 tle
767 1176 857 1266 pieta
877 1175 1084 1268 anaglypho,
1109 1191 1146 1246 ut
1166 1192 1201 1247 et

97 1297 131 1364 iu
144 1296 212 1375 lx,
231 1299 286 1363 59.
311 1294 454 1377 γριιππὸν
469 1291 583 1372 τέγος,
609 1292 767 1362 intellexit
780 1296 973 1365 Welelrerur
987 1298 1071 1388 Syll.
1084 1300 1197 1392 Epipr.

97 1441 133 1510 p.
148 1419 230 1494 162,
255 1436 355 1506 quum
372 1435 531 1482 marmora
547 1412 694 1481 colorum
713 1430 827 1483 ornatu
847 1415 987 1486 obruor·
1003 1418 1100 1488 luiree
1119 1441 1201 1487 eon·

96 1548 171 1606 atet.
220 1533 320 1603 Cuius
350 1533 527 1602 tententiae
549 1534 677 1625 ignarae
701 1535 846 1617 μλοππὸο
871 1537 1078 1607 scribendum
1098 1554 1201 1633 puta·

97 1679 230 1736 reram,
263 1653 319 1722 sed
349 1654 493 1739 ypumlr
526 1653 567 1721 ab
595 1654 657 1723 lrnn
690 1658 825 1749 proprio
863 1644 1022 1728 rueabulo
1060 1683 1120 1729 utu
1149 1663 1200 1731 rix

97 1780 227 1849 differre
250 1790 430 1845 monstrent
453 1778 514 1868 llp.
541 1778 574 1843 iu
598 1781 686 1869 App.
710 1802 740 1848 e.
760 1783 840 1850 356.

551 1896 662 1980 πατέρ’
685 1898 829 1966 Εὐτδνιον
851 1903 1004 1968 πεθνεῶποι

189 2018 345 2095 πολλάκις
369 2019 630 2100 inverniretur
654 2019 803 2097 σπῇλοιισι
826 2021 1013 2106 erantne,

99 2144 155 2210 ubi
181 2142 330 2233 corrige:
356 2140 431 2215 lari,
456 2139 559 2209 lnecr.
585 2139 703 2231 Adeap.
731 2142 771 2210 Δ.
790 2142 825 2208 Ρ.
845 2143 928 2222 vlt,
954 2147 1033 2213 2⁷9.

190 2268 316 2331 Ποιῦσοιι
336 2262 404 2337 unic
424 2260 543 2353 ἐρετμὰ
561 2259 615 2328 real
635 2259 764 2341 ἔμβολον
782 2261 853 2345 ‘riri'
871 2263 922 2328 ἐπὶ
944 2263 1058 2345 πόμβιρ

280 2384 361 2451 uile
384 2382 435 2449 ἐπὶ
459 2387 569 2466 ψυχρῇ
593 2380 822 2467 (erpwine
844 2383 974 2467 σποδιῇ·

190 2509 326 2584 νοινιργοῦ
345 2504 381 2571 πὸ
401 2511 533 2584 μνῇμοι·
558 2502 591 2568 nl
612 2512 668 2580 τῇς
688 2502 731 2569 ἐνὶ
752 2504 872 2583 κύμασι
895 2503 1002 2584 λώβης
1082 2524 1086 2533 “

279 2622 371 2700 ariete
392 2624 573 2705 ὥνοιμνῇσοιι
595 2622 649 2689 σὸν
672 2622 760 2690 tarel
781 2631 843 2703 γῇς
866 2622 1000 2701 ἐθέλοιμι

101 2750 194 2816 Paua.
212 2747 267 2828 ΙΙ,
289 2751 322 2815 7.
343 2751 375 2816 t.
410 2744 448 2813 ln
468 2744 677 2835 inscriptione
695 2745 812 2812 incerti
832 2757 969 2835 poetae,
995 2743 1081 2810 lrnud
1103 2743 1202 2815 dubie

99 2881 171 2961 port
192 2866 389 2958 Meleagrum
417 2866 564 2955 scripta,
586 2863 752 2932 lreobeius
785 2888 845 2955 pro
876 2863 943 2933 ultr
964 2866 1104 2933 eonieeit
1131 2868 1205 2936 uiui

99 3015 148 3060 re.
170 2993 204 3057 2.
252 2988 415 3054 Praestare
439 2986 585 3053 ridetur:

281 3104 304 3174 οἳ
324 3107 385 3187 ξέν’
405 3107 456 3174 ἐπὶ
477 3113 587 3191 ψυχρῇ
608 3106 797 3191 turparetur
817 3104 937 3191 σποδιῇ.

101 3230 194 3321 Quod
225 3232 258 3297 in
290 3229 396 3319 lnpide
428 3228 585 3318 seriptum
614 3240 702 3293 eretr
731 3236 858 3301 ΛΙΕΝ,
884 3250 952 3316 quo
979 3228 1065 3295 laeto
1099 3230 1201 3299 forma

101 3356 271 3423 literarum
294 3360 316 3419 Ξ
336 3362 369 3416 et
389 3360 403 3414 1
427 3347 658 3414 rir'tantillum
689 3347 809 3413 differt.
858 3346 999 3414 Verbum
1024 3347 1202 3434 ζωγραφεῖν

102 3475 266 3544 hocloco
299 3472 478 3564 siguificat:
517 3469 596 3536 remi
632 3481 664 3535 et
698 3470 793 3534 rostri
817 3468 953 3557 effigiem
981 3470 1012 3538 in
1043 3494 1203 3542 marmore

102 3594 296 3685 insculpere.
323 3599 349 3677 Ι)
397 3591 516 3660 confer
539 3591 635 3658 llom.
663 3588 725 3657 od.
754 3589 824 3667 xl,
851 3594 905 3657 ll.

98 3798 349 3815 -ι--ι--ι-ο-

139 3914 164 3982 ·)
188 3912 224 3966 Ut
242 3908 284 3985 piu
302 3925 375 3963 mure
393 3905 484 3961 Graeei
502 3905 541 3960 uri
561 3914 729 3962 mortuorum
751 3904 859 3961 obelum
878 3903 969 3960 indere
987 3901 1107 3960 solebant
1124 3906 1205 3979 perti·

102 4016 154 4069 teri
172 4011 347 4079 solvendum,
375 4009 422 4086 qui
441 4009 541 4065 unimur
558 4012 667 4085 Stygem
688 4009 889 4078 transrelrelurt,
909 4017 936 4064 et
958 4007 1041 4064 simul
1063 4026 1127 4064 eum
1144 4009 1206 4085 ipeie

104 4118 215 4174 mortuis
232 4113 400 4171 dilectissima
427 4130 546 4192 quaeque
572 4112 638 4169 dum
667 4115 695 4168 in
719 4114 784 4169 ririe
802 4122 877 4170 erant
895 4120 944 4168 arrt
967 4130 1029 4187 rupo
1055 4112 1207 4170 cremabant

104 4235 150 4281 aut
169 4221 276 4281 tumulo
293 4218 498 4291 condebant,-
509 4218 542 4275 de
560 4238 613 4295 quo
630 4218 745 4281 conferta
759 4220 828 4278 Plut
848 4239 899 4277 nun
920 4236 991 4295 pesse
1004 4236 1077 4275 ruer.
1096 4217 1206 4277 ririaer.

954 4324 976 4389 7
