2828 4936
677 232 879 299 -120-

407 425 516 487 τοῦτον
540 420 565 484 δ’
590 422 683 487 αὐτὸν
706 425 720 486 ὃ
744 424 862 501 δοῖμος,
887 423 926 494 ὥς
950 416 1031 503 σαφ’
1055 420 1169 511 digest

407 541 518 609 ἔστασ’
542 541 646 609 ἕνέοὶδε
669 541 808 625 χοέλκεον
831 540 974 618 ποωντοέν.

228 662 387 752 Legitima
406 666 492 730 enim
517 663 647 730 dicendi
670 667 773 732 forma
792 677 841 731 est
863 670 1007 747 χαλκοῦν
1031 665 1180 739 ἱστοέναι.
1206 677 1240 732 et
1261 688 1329 732 πον·

226 780 306 859 κτοέν
323 783 403 850 odeo
425 784 621 874 iungendum
646 808 719 852 cum
741 788 986 877 pronominibus
1006 791 1114 854 τοῦτον
1136 785 1243 853 αὐτόν.
1291 788 1329 855 Io

225 927 385 974 marmore
412 903 573 995 hodieque
597 907 769 997 superstite
793 919 826 975 et
851 907 1063 976 Anacreontis
1084 907 1219 997 imagini
1250 906 1329 973 sub·

194 1012 198 1019 ’
225 1027 381 1117 scriptum
417 1026 535 1114 legitur
563 1028 706 1095 eiusdem
738 1028 902 1096 Theocriti
933 1030 1127 1121 epigramma
1148 1029 1221 1108 tx,
1247 1032 1326 1097 599.

224 1148 252 1213 si
280 1147 414 1236 Ligurio
445 1147 525 1215 tides
563 1173 600 1215 er
641 1172 706 1239 quo
738 1149 800 1216 hoc
833 1153 976 1217 enotavit
1011 1149 1203 1217 Welckorus
1242 1151 1327 1219 Mus.

226 1267 334 1338 Rhen.
367 1272 465 1337 1845.
499 1294 535 1362 p.
560 1274 637 1341 467.
693 1270 939 1360 inscriptionem
972 1268 1105 1360 quidem
1135 1271 1232 1338 fuisse
1264 1270 1329 1338 hoc

224 1390 421 1480 epigramma
440 1391 564 1457 nulium
591 1390 748 1470 dubium,
774 1414 869 1481 quum
896 1390 1050 1457 hocloco
1074 1392 1135 1457 nisi
1159 1389 1255 1480 plone
1277 1391 1329 1459 in·

224 1513 368 1600 tegriteti
396 1514 599 1589 restitutam,
625 1525 658 1579 ut
686 1511 797 1579 saltem
828 1535 844 1576 o
876 1512 986 1590 vitiis,
1018 1533 1100 1601 quue
1132 1514 1328 1581 recentiores

224 1632 427 1711 intulerunt,
453 1645 681 1723 perpurgntum
703 1631 810 1700 dobes

316 1758 423 1821 Θῖισαν
443 1756 496 1821 τὸν
518 1753 686 1838 ἀνδριάντα
708 1760 835 1830 τοῦτον,
861 1751 882 1820 ὦ
905 1752 992 1831 ξένε,

404 1877 525 1961 σπουδᾷ
549 1875 601 1942 καὶ
625 1874 698 1955 λέγ’
718 1874 799 1943 έποὶν
819 1876 850 1950 ἐς
870 1871 950 1941 οἶκον
972 1871 1074 1958 ἔνέρς·

314 1997 529 2081 Ἀνακρέοντος
549 1996 638 2065 εἰκόν’
657 1993 736 2065 εἶδον
760 1998 796 2064 έν
818 1996 898 2079 Τέῳ

403 2124 474 2184 τῶν
496 2118 626 2202 πρόσθ’
650 2117 685 2184 ei
706 2142 743 2185 τι
765 2118 945 2200 περισσὸν
968 2115 1170 2199 ᾠδοπονῶν·

313 2239 447 2321 προςέεὶς
470 2239 502 2306 δὲ
521 2238 602 2322 χῶτι
625 2248 689 2314 τοῖς
713 2238 819 2305 νέοισιν
843 2234 957 2311 iisne,

402 2361 479 2444 ἐρεῖς
502 2361 653 2444 οὶτρεκὲως
677 2358 747 2428 ὅλον
770 2358 822 2426 τὸν
844 2357 952 2440 ἄνδρα.

223 2481 278 2550 Vs.
299 2485 334 2550 3.
358 2498 547 2573 corruptum
569 2496 617 2550 est
638 2484 670 2547 ἕν
691 2481 772 2564 Τέῳ.
820 2481 996 2570 Imaginem
1023 2480 1109 2545 onim
1135 2481 1250 2545 nonin
1274 2480 1325 2546 in·

222 2604 290 2670 suin
313 2605 423 2674 Iouice
444 2606 510 2672 Teo
530 2606 667 2697 positum
690 2604 787 2669 fuisse
808 2601 877 2693 ipsu
898 2599 1055 2668 dialectos
1079 2597 1186 2670 docet.
1234 2603 1326 2687 Quae

222 2725 418 2794 documento
447 2738 495 2792 est
523 2749 592 2792 eam
625 2726 658 2791 in
689 2721 849 2790 vestibulo
882 2721 1009 2788 sedium
1037 2722 1155 2811 privati
1184 2720 1325 2789 hominis

220 2846 387 2914 Doriensis
421 2847 610 2915 collocutum
643 2847 754 2914 fuisse.
809 2843 1023 2911 scribendum
1057 2856 1125 2915 est:
1157 2845 1192 2910 ἐκ
1226 2845 1320 2922 Τέω,

221 2968 246 3035 i.
263 2990 295 3034 e.
319 2966 534 3050 Ἀνακρέοντος
554 2967 661 3043 Teios.
711 2966 774 3052 Qui
794 2967 939 3055 sequitur
968 2987 1077 3032 vorsus
1096 2988 1209 3055 purum
1234 2980 1323 3035 recte

220 3088 409 3156 criticorum
439 3112 537 3180 opere
560 3088 754 3155 constitutus
777 3100 837 3155 est.
886 3088 1023 3155 Pessime
1051 3088 1137 3155 enim
1170 3087 1320 3158 dietum:

220 3210 435 3295 Ἀνακρέοντος
454 3252 501 3263 -
516 3209 546 3277 εἴ
559 3236 590 3277 σν
606 3209 759 3293 περισσόν.
808 3210 966 3277 Graecum
990 3221 1091 3278 esset:
1117 3208 1148 3275 εἴ
1163 3233 1245 3285 τινος
1264 3234 1321 3277 πσ-

219 3338 334 3415 ρνσσοῦ.
381 3333 427 3401 Ut
448 3334 481 3399 in
502 3330 606 3423 Soph.
632 3329 673 3403 0.
690 3330 729 3401 0.
751 3335 829 3399 734.
854 3330 1019 3399 σέένονσαν
1040 3329 1071 3397 ei
1088 3336 1147 3397 τιν’
1166 3331 1322 3408 Ἐλλοὶδος

219 3451 321 3533 μέγα.
367 3452 420 3522 ti.
452 3455 529 3522 787.
564 3450 679 3536 ἕξέφνν
714 3451 830 3535 πατρὸς
865 3451 951 3534 εἴπερ
990 3452 1070 3526 τινος
1105 3451 1257 3529 οέένοντος
1288 3455 1322 3519 ἐν

219 3574 345 3657 πλούτῳ
369 3579 505 3655 Φρννῶν.
535 3571 653 3638 Strabo
673 3571 721 3650 V,
746 3572 781 3640 2.
814 3573 885 3641 λέ.
922 3595 957 3661 p.
978 3575 1056 3640 362.
1089 3560 1234 3642 Tsuehn.
1266 3574 1319 3640 xci

219 3694 284 3777 γὰρ
307 3692 337 3759 εἴ
356 3717 436 3760 τοσνν
460 3697 534 3772 ἡμῖν
554 3716 594 3770 νε
614 3693 669 3757 οὐκ
691 3690 731 3757 ἂν
751 3689 890 3774 ὑπῆρξαν
912 3693 1033 3775 ὁραταί.
1080 3695 1117 3761 ln
1142 3695 1253 3762 codice
1273 3695 1322 3762 le·

218 3817 325 3905 gitur:
358 3821 418 3881 τῶν
446 3815 550 3896 προσέ’
574 3814 637 3879 ἕντι
662 3816 806 3896 περισσὸν
827 3813 987 3897 ᾠδοπονοῦ,
1014 3820 1101 3905 quod
1132 3817 1173 3881 ite
1208 3839 1320 3885 emen·

217 3938 358 4007 (lendum
379 3949 481 4029 puto:

351 4057 566 4140 Ἀνακρέοντος
591 4057 679 4124 εἰκόν’
703 4055 788 4125 εἶδον.
815 4061 848 4125 ἐκ
872 4060 939 4127 Τέω

444 4185 496 4245 τοῦ
522 4180 647 4261 πρόσθεν
672 4206 702 4246 τι
726 4181 867 4261 περισσὸν
892 4183 1043 4263 gerenos.
