2828 4936
691 277 870 338 -220-

235 465 396 535 Historiae
419 463 496 530 huie
527 457 664 527 tabulari
687 459 881 528 enarrandae
905 461 938 525 in
967 461 1197 550 epigrammate
1224 462 1332 530 nullua

233 585 334 655 locua.
379 581 444 652 Sed
475 579 690 651 Callimachus
717 592 786 648 erat
813 578 997 660 Battiadae,
1022 581 1110 648 Batti
1129 582 1240 664 filiun,
1266 606 1330 675 qua

233 704 441 794 homonymia
470 725 544 769 uaua
572 701 638 769 aire
656 701 769 792 potins
789 700 906 768 abusus
935 711 983 768 eat
1013 700 1205 792 Apollonius
1229 716 1267 771 ut
1295 706 1329 772 in

233 821 469 895 Callimachum
491 819 662 890 maledicta
685 821 846 912 ingereret
868 822 966 912 eiquo
983 821 1129 891 fraudem
1149 823 1330 914 exprobra·

231 957 294 1015 ret.
322 941 391 1011 'Ad
412 941 496 1012 idem
517 941 696 1011 carminum
717 963 817 1032 genua
845 940 1012 1010 referenda
1036 954 1111 1010 aunt
1130 941 1330 1012 Dioscuridis

228 1067 459 1157 epigrammata
483 1063 525 1133 d.
546 1060 583 1132 P.
605 1060 672 1141 xt.
696 1065 762 1131 363
785 1075 819 1130 et
845 1065 932 1143 195,
957 1060 1011 1130 aad
1035 1061 1201 1154 aliquanto
1223 1062 1330 1132 lecina

228 1197 278 1254 eat
300 1185 495 1278 epigramma
518 1180 607 1274 quod
630 1179 811 1274 ‘Sophoclea
841 1182 875 1250 iu
901 1182 1016 1274 vulger
1043 1181 1165 1263 edidit,
1199 1182 1328 1253 ulturaa

228 1305 395 1397 Euripidie
411 1302 571 1382 dicteria.
592 1302 647 1369 cui
670 1302 837 1371 materiem
855 1303 1000 1372 iocorum
1023 1302 1216 1394 praebuerat
1236 1303 1326 1396 quod

227 1425 328 1518 pallio
362 1435 511 1515 correpto
529 1446 550 1489 a
577 1444 680 1514 puero
702 1444 844 1513 quocum
867 1445 936 1490 rem
969 1421 1153 1503 habuerat.
1183 1425 1327 1494 reminu-

227 1547 287 1614 dua
310 1545 483 1614 dertitutua
509 1554 603 1612 earet.
647 1542 700 1613 llo
729 1563 795 1632 quo
818 1543 1035 1633 Hieronymus
1059 1541 1208 1612 Rhodiae
1236 1545 1326 1636 apud

227 1664 348 1734 hthen·
370 1664 472 1746 Xlll,
504 1667 561 1733 82.
592 1662 608 1729 ὅ
634 1666 800 1746 Σοφοκλῆς
830 1662 969 1739 aduaticos
999 1662 1141 1741 ε’ποίιρσον
1165 1665 1210 1741 είς
1228 1665 1327 1734 αὐτὸν

225 1790 359 1864 τοιοῦτον
381 1786 574 1870 ἐπίγραμμα
595 1779 794 1866 κρνοοίριινος
818 1784 862 1867 τῷ
891 1782 1034 1868 περὶτοῦ
1060 1782 1168 1850 Ἡλίου
1194 1784 1248 1851 καί
1268 1797 1324 1855 Bo-

224 1904 291 1986 ρέου
317 1903 414 1990 λόγῳ,
439 1905 493 1973 καί
513 1905 550 1972 τὸ
575 1904 650 1989 πρὸς
674 1903 823 1987 μοιχείαν
847 1905 945 1971 αὐτοῦ
968 1901 1267 1987 παραινιττόμενος·

313 2028 423 2103 Ἥλιος
439 2025 498 2106 ἦν,
521 2026 556 2093 ori
575 2032 677 2101 παῖς,
700 2023 869 2108 Εὐριπίδη,
893 2020 926 2098 ὅς
944 2048 987 2104 με
1005 2024 1159 2108 χλιαίνων

406 2147 526 2227 γυμνὸν
548 2145 708 2222 ε’ποίνσεν·
732 2143 778 2211 σοί
802 2143 835 2211 δὲ
853 2146 995 2228 Φιλοῦνί’
1013 2142 1122 2227 ἑτέραν

314 2268 427 2351 Βορρᾶς
445 2265 606 2347 ὡμίλησε·
629 2265 669 2332 σὺ
687 2264 714 2332 δ’
730 2265 764 2331 οὐ
784 2264 881 2348 σοφὸς
904 2260 936 2338 ὃς
954 2264 1006 2334 τὸν
1019 2266 1169 2347 Ἔρωτα,

403 2387 575 2471 ἀλλοτρίαν
597 2387 785 2469 σπείρων,
806 2382 987 2461 λωποδύτην
1005 2383 1157 2466 οὶποίγεις.

225 2505 457 2576 commentarii
489 2509 589 2576 ricem
618 2518 729 2574 tenent
751 2504 941 2592 Hieronymi
966 2505 1062 2583 rerba
1092 2528 1175 2598 quaa
1197 2505 1321 2598 integro

224 2629 376 2718 opposuit
394 2626 590 2698 Athenaeus.
623 2625 685 2696 Sed
706 2649 746 2693 ne
764 2623 815 2694 rel
832 2625 879 2693 sic
898 2623 1029 2716 quidem
1049 2648 1141 2694 rarus
1160 2628 1322 2718 epigram·

222 2747 588 2837 matisaeuauaapertus.
613 2746 703 2816 Vel
727 2743 951 2834 corrigendum
970 2757 1038 2815 est:
1063 2752 1196 2829 πειρῶν..
1220 2749 1319 2843 lluri·

222 2866 332 2958 pidem
345 2868 433 2934 enim
452 2865 731 2935 uxoremalierram
754 2863 1051 2954 tentaasoquidern‚
1075 2864 1130 2933 sed
1150 2867 1216 2934 roti
1230 2888 1321 2936 com·

222 2997 333 3076 potem
353 2985 474 3052 lactum
499 3009 563 3054 oon
586 3011 678 3068 eoae,
704 2986 895 3076 intelligitur
915 3007 952 3052 er
976 3008 1022 3054 ra.
1043 2991 1064 3054 3
1090 2985 1146 3054 ubi
1169 2987 1320 3078 Huripidi

220 3128 329 3175 amore
345 3105 493 3197 flagranti
515 3129 578 3174 anu
597 3106 714 3175 leniter
732 3104 861 3199 placida
882 3107 989 3174 Vacua
1008 3107 1153 3188 afflasse,
1177 3105 1232 3175 aed
1256 3109 1319 3176 fri·

220 3224 402 3318 pidiarimua
426 3240 536 3295 rentur
554 3226 672 3298 Boreae
692 3225 843 3295 advertus
866 3227 1042 3296 occurrisse
1063 3226 1194 3297 dieitur.
1229 3227 1319 3298 Ulti-

220 3369 347 3417 morum
360 3346 459 3438 igitur
476 3368 604 3421 eenaue:
632 3372 654 3414 >r
669 3361 704 3416 tu
724 3347 823 3417 stulte
837 3370 934 3429 rane,
956 3349 1023 3440 ipae
1046 3346 1198 3418 furtivam
1211 3350 1319 3420 Verte·

218 3550 456 3570 ψ

219 3677 368 3754 Utrumque
385 3676 501 3735 versibus
519 3674 733 3751 Metamorphoses
751 3672 880 3749 scriptione
896 3670 1025 3740 condeio,
1042 3679 1075 3728 ut
1092 3671 1237 3748 llioeuder,
1258 3680 1319 3736 Par·

219 3778 345 3852 thaniae,
367 3785 459 3840 lleetor
480 3781 655 3840 Larandeueia.
692 3783 727 3836 Et
750 3779 898 3854 Antigonus
915 3775 1038 3848 νοιιτίσας
1055 3775 1141 3851 ἔπος,
1166 3782 1318 3844 carminum

217 3885 303 3962 igitur
327 3885 429 3945 heroico
459 3897 543 3944 metro
570 3884 727 3962 scriptorum
743 3892 818 3962 poeta
835 3883 865 3939 in
888 3883 1033 3940 certamine
1050 3884 1134 3942 riotor
1156 3883 1236 3943 luieoe
1259 3909 1318 3965 per·

217 3988 327 4047 hibetur
344 3990 373 4046 ia
396 3989 479 4046 titulo
503 3988 610 4058 Attico,
633 3991 661 4045 G
677 3993 698 4045 1.
724 4007 747 4044 c.
763 3989 838 4057 20⁰,
856 3989 919 4058 1t.‚
944 3985 1016 4045 haud
1040 3988 1121 4046 dubie
1146 3989 1264 4049 dicerene
1281 3993 1316 4050 ab

217 4097 349 4172 Antigono
373 4094 490 4172 Carpetio
512 4092 595 4150 nobili
620 4093 743 4151 Vitarum
761 4090 904 4168 scriptore,
921 4093 1000 4151 cuius
1017 4095 1083 4154 duos
1101 4114 1189 4154 versus
1210 4117 1241 4155 er
1259 4116 1327 4157 enm.

218 4200 290 4259 mine
305 4201 443 4277 Antipatro
461 4196 553 4256 ductos
570 4196 688 4256 laudarit
705 4195 854 4255 tumeam
870 4201 929 4271 ttt,
949 4201 984 4255 82
1003 4202 1030 4255 tt
