2828 4936
554 249 751 310 „157-

93 434 307 506 -ddiectirum
342 432 538 522 aptissimum
571 434 659 500 ouius
697 435 848 501 memoria
881 445 1003 500 serrata
1035 446 1082 501 est
1117 432 1201 524 apud

55 634 64 645 Χ
97 578 200 624 uuum
234 552 455 644 Hesychium:
487 553 664 635 οίρμαλθνν,
690 551 788 637 ξιρρθν.
836 552 931 620 Plura
961 553 1056 620 huiue
1079 555 1203 644 generis

98 676 332 768 epigrammata
365 674 452 742 haud
480 673 578 742 dubie
608 675 763 765 inscripta
791 675 923 742 fuerunt
957 677 1060 768 cippis
1095 689 1202 744 tumu-

99 797 207 864 lorum
245 817 348 886 prope
386 795 622 886 Agrigentum,
659 795 843 885 dequibus
874 793 970 864 Diod.
1006 794 1073 866 Sic.
1099 796 1202 877 XIII,

98 919 157 987 82.
187 916 278 992 δκλοῒ
297 915 329 982 δὲ
359 917 416 992 τὴν
442 916 563 1000 τροφὴν
585 920 645 982 τῦν
675 916 928 999 Ἀκραγαντίνων
950 915 1003 984 καί
1028 919 1046 996 ἡ
1069 916 1203 985 πολντί·

95 1054 170 1106 λεια
189 1042 249 1104 τῦν
267 1037 426 1117 μνημείων
446 1032 542 1103 θίτινα
562 1036 621 1117 μὲν
640 1044 704 1112 τοῖς
724 1037 878 1113 οίθλκταῦς
902 1034 1007 1115 ἵπποις
1031 1036 1203 1106 κατετκεῦ·

96 1181 205 1235 αναν,
238 1157 311 1224 τινοδ
338 1158 370 1225 δὲ
392 1161 457 1234 τοῖς
482 1158 541 1224 ῦπδ
572 1162 632 1225 τῦν
658 1157 776 1227 παίδων
806 1156 860 1225 καί
887 1157 1041 1242 παρθένων
1071 1160 1105 1226 ἓν
1134 1159 1204 1245 οίκρ

93 1277 297 1366 τρεφομένοις
328 1279 498 1363 θρνιθαρίοις
529 1274 553 1346 ἃ
581 1278 716 1360 Τίμαιος
740 1276 903 1363 ἑωρακέναι
926 1279 1006 1362 φιροδ
1028 1278 1125 1363 μέχρι
1149 1285 1204 1349 τοῦ

89 1403 166 1475 καθ’
189 1398 389 1487 ἑαντθνβίον
421 1396 629 1480 διαμίνοντα,
664 1411 700 1465 ut
733 1397 916 1478 cicadarum
946 1411 979 1466 et
1007 1398 1204 1470 locustarum

98 1532 307 1590 monomenta
330 1543 444 1609 magno
466 1543 539 1587 cum
562 1519 766 1588 dominorum
789 1519 895 1587 studio
921 1533 953 1587 ct
974 1521 1130 1611 opificum
1152 1545 1205 1589 ar·

42 1620 51 1627 ’
99 1635 202 1711 tifioio
227 1642 310 1708 facta
333 1653 491 1710 memorat
515 1641 639 1708 Plinius
665 1641 706 1710 H.
726 1640 768 1709 Ν.
792 1645 847 1710 34.
871 1644 904 1708 9.
929 1643 963 1709 3.
1001 1665 1023 1708 ιι
1036 1641 1205 1731 Myronem

98 1762 212 1832 secisse
233 1776 265 1830 et
284 1763 411 1833 cicadae
446 1775 653 1831 monumenta
685 1783 723 1828 ac
746 1760 887 1829 locustae
922 1763 1117 1831 carminibus
1140 1764 1205 1830 suis

102 1885 225 1954 Erinna
243 1885 443 1975 signifieat.”
492 1886 537 1952 Ex
550 1882 667 1973 quibus
684 1881 844 1973 descripta
862 1882 987 1973 aliquot
1008 1887 1149 1952 carmina
1169 1887 1204 1953 in

100 2004 332 2098 Anthologiam
354 2021 483 2095 recepta
508 2023 605 2084 sunt,
631 2016 667 2070 ut
686 2003 866 2072 Mnasaleae
888 2004 929 2074 A.
955 2005 991 2074 Ρ.
1010 2005 1098 2086 vn,
1124 2010 1200 2076 194.

189 2127 317 2212 Ἀκρίδα
337 2126 532 2210 Δκμοκρίτον
554 2125 779 2209 μελεοίπτερον
802 2121 859 2191 οἵδε
883 2126 1033 2192 θανοῦσαν

276 2251 429 2332 Ἄργιλον
447 2246 581 2329 δολιχθον
600 2244 688 2330 ἀμφὶ
713 2244 855 2312 κέλευθον
878 2242 968 2326 ἔχει,

188 2366 228 2446 ῦς
251 2370 314 2437 καί
338 2367 384 2437 ὅτ’
407 2369 519 2437 ίθῦοειε
537 2366 734 2450 πανὲτπερον
754 2364 847 2447 ῦμνον
869 2365 983 2434 οίειδειν

279 2495 346 2557 πῖον
368 2489 521 2573 μέλαθρον
544 2491 674 2568 μολποῦς
698 2484 769 2568 ίαχ’
794 2487 847 2553 ὑπ’
867 2483 1046 2554 εῦκελοίδον.

98 2611 167 2682 Ubi
197 2612 356 2701 particula
387 2613 443 2680 καί
467 2624 502 2677 ut
534 2608 626 2676 valde
658 2608 778 2675 absona
807 2607 973 2689 offendor,
1007 2618 1205 2699 quapropter

96 2733 231 2801 malim:
267 2730 307 2809 ῦς
330 2758 383 2800 κεν
402 2770 448 2782 —-
466 2730 585 2815 ἴαχεν,
623 2742 659 2796 ut
688 2728 851 2796 iudicetur
880 2729 942 2796 hoc
972 2730 1042 2797 fieri
1072 2729 1203 2796 solitum

99 2855 210 2922 tuisse.
261 2855 310 2922 De
336 2855 474 2922 lectione
499 2855 530 2920 in
564 2876 641 2920 roce
658 2854 811 2935 ’Άργιλος
833 2850 1022 2932 dubitatur,
1048 2874 1148 2944 quum
1171 2852 1204 2919 iu

96 2950 212 3043 codice
237 2977 395 3065 scripturn
422 2976 486 3044 sit:
513 2972 688 3056 Ἀρχειλθς.
737 2972 835 3041 Urbis
856 2973 1061 3041 Macedoniae
1087 2995 1204 3041 nomeu

98 3098 244 3165 restituit
264 3098 470 3173 Brunckius.
497 3096 549 3161 sed
582 3095 663 3161 mihi
695 3094 865 3185 displicere
889 3096 992 3163 fateor
1014 3097 1204 3163 sententiam

97 3221 147 3286 itu
167 3217 392 3286 iuiormetem:
430 3215 480 3294 ἣδε
505 3213 595 3288 πόλις
617 3213 750 3296 -ἕχει
777 3214 889 3297 οἶκριδα
920 3217 1007 3299 ἀμφὶ
1037 3216 1201 3296 κέλευθον,

94 3347 215 3432 quum'
235 3338 482 3429 exspectaveris:
519 3335 569 3413 ἣδε
594 3333 735 3410 κέλευθος
759 3333 839 3417 ἔχει.
888 3333 952 3401 Sed
983 3335 1097 3402 melius
1122 3337 1202 3425 quid

97 3484 167 3531 uon
193 3461 322 3529 invenio
350 3472 383 3527 et
409 3457 544 3536 iortuito
573 3457 695 3523 factum
729 3468 832 3547 puto,
869 3455 955 3545 quod
981 3457 1015 3522 iu
1045 3457 1202 3527 locustam

94 3581 275 3652 Democriti
299 3580 388 3648 aliud
418 3591 517 3648 eistat
540 3579 735 3668 epigramma
760 3602 777 3644 a
800 3576 951 3645 Phaeouo
977 3580 1134 3671 scriptum
1152 3580 1200 3652 ib.

97 3725 133 3775 c.
146 3707 232 3791 197.

188 3821 375 3907 Δαμοκρίτῳ
394 3822 452 3903 μὲν
472 3822 557 3902 ἐμοῦ,
583 3821 715 3904 λιχνρθιν
738 3819 797 3887 ῦκα
819 3826 940 3900 μοῦσαν
960 3823 1065 3898 οίνείιιν

278 3943 365 4026 οίκρίς
389 3942 453 4008 οίπδ
474 3942 657 4026 πτερύγων,
683 3944 734 4010 τδν
754 3943 856 4023 βαθὺν
881 3939 961 4024 ἆγον
983 3941 1096 4012 ῦπνον·

190 4064 384 4149 Δαμόκριτος
408 4063 434 4129 δ’
459 4066 509 4128 ἐπ’
528 4063 595 4144 ἐμοὶ
615 4065 668 4131 τὸν
688 4061 809 4130 εὀικθτα
826 4062 950 4144 τύμβον
970 4063 1057 4130 ὃδῖτα

280 4184 415 4266 ἕχχθθεν
438 4189 584 4269 Ὠρωποῦ
608 4190 704 4268 χεῦεν
728 4185 950 4271 οἷποφθιμένρι,
