2828 4936
92 421 214 488 tionem
246 417 437 487 brevissima
466 418 653 506 complexus
680 437 754 486 sum
776 439 873 498 voce,
898 438 996 507 quam
1029 419 1113 489 idem
1137 422 1194 509 qui

90 592 143 640 me
178 579 269 639 tenet
299 570 436 642 affectus
466 578 578 659 poetae
608 569 695 638 baud
727 569 859 657 ignobili
897 570 1055 651 dictavit,
1085 570 1197 658 lingua

91 742 190 810 quam
214 720 349 810 Olympo
378 721 553 799 demissam
577 720 768 791 mortalibus
796 722 1000 808 gratificatae
1023 729 1101 790 sunt
1121 721 1198 790 Gra-

92 876 155 941 tiae
178 872 362 959 Musaeque.
410 871 452 938 llt
476 869 578 938 lateor
602 872 635 937 in
659 870 772 940 multis
795 892 879 959 quae
902 872 983 938 mihi
1008 873 1042 938 in
1062 891 1200 940 censura

92 989 405 1089 Commentariorum
430 1022 522 1109 prius
541 1020 704 1093 editorum
724 1020 929 1093 abblanditus
954 1030 1004 1089 est
1028 1020 1199 1091 Schneide-

93 1172 219 1250 winus,
242 1171 304 1238 boc
335 1186 440 1240 unum
465 1171 547 1238 mibi
571 1171 666 1258 longe
689 1173 913 1259 gratissimum
936 1173 1069 1260 scripsit
1091 1181 1125 1240 et
1145 1193 1200 1240 ac·

96 1321 339 1408 ceptissimum‚
365 1322 399 1387 in
421 1321 472 1387 bis
497 1322 598 1388 animi
629 1321 768 1390 calorem
796 1324 887 1389 cerni
913 1330 946 1389 et
963 1323 1122 1390 micantes
1144 1343 1201 1411 pe·

94 1471 192 1536 ctoris
223 1472 324 1558 ignes.
371 1471 481 1559 Neque
503 1459 596 1539 sane‘
611 1472 798 1539 etiamnunc
823 1471 998 1557 quicquam
1018 1471 1099 1537 mibi
1129 1494 1202 1553 exo,

95 1622 217 1711 ptatius
244 1621 391 1691 accidere
414 1629 519 1710 potest
552 1641 648 1709 quam
679 1629 718 1688 ut
745 1641 785 1688 ex
806 1622 875 1688 Tua
905 1618 1016 1689 videar
1045 1625 1202 1692 esoterica

95 1768 266 1859 disciplina
296 1770 470 1859 proiectus.
518 1771 599 1838 Nam
623 1791 662 1838 ex
686 1792 750 1859 quo
775 1772 1106 1844 commentationibus
1133 1775 1202 1841 Gal·

96 1919 262 1987 limacbeis
290 1919 363 1986 Tibi
389 1919 634 1986 commendatus
658 1919 706 1986 lui
732 1926 765 1987 et
789 1922 953 1988 interioris
973 1923 1059 2011 apud
1084 1925 1129 1991 l'e
1157 1924 1201 1992 ia·

98 2077 169 2137 ctus
191 2091 266 2138 sum
287 2068 515 2150 admissionis,
549 2090 715 2139 sermones
747 2072 869 2140 Tecum
892 2072 932 2140 de
952 2075 1073 2142 nostris
1098 2076 1203 2143 literis

97 2241 265 2290 conserere
284 2222 398 2291 solitus
421 2244 516 2304 sum,
541 2244 621 2311 quos
644 2225 744 2291 etiam
769 2222 884 2291 absens
907 2245 965 2313 per
984 2228 1135 2315 epistolas
1155 2230 1203 2294 in·

97 2374 239 2439 staurari
267 2380 301 2440 et
326 2372 442 2441 exinde
474 2393 584 2441 coram
614 2374 775 2440 renovari.
824 2371 946 2460 Operae
973 2383 1083 2443 autem
1105 2398 1204 2464 quam

99 2521 257 2590 Historiae
278 2524 463 2592 literarum
483 2524 681 2592 Graecarum
704 2530 737 2590 et
758 2522 948 2589 Latinarum
970 2526 1113 2612 impendi
1133 2550 1201 2617 spe·

98 2673 201 2740 cimon
219 2671 387 2742 habendus
406 2682 456 2742 est
474 2677 601 2764 primus
628 2674 745 2741 borum
769 2674 1082 2744 Commentariorum
1102 2677 1202 2758 liber,

99 2825 131 2890 in
150 2844 215 2911 quo
234 2823 360 2892 aditum
379 2825 420 2893 ad
439 2828 629 2895 universum
653 2825 908 2915 Inscriptionum
923 2834 956 2894 et
977 2827 1204 2917 Epigramma·

99 2982 167 3042 tum
189 2975 387 3046 Graecorum
410 2997 527 3066 corpus
550 2977 727 3065 planiorem
753 2975 888 3045 reddere
916 2978 1029 3046 studui
1050 2980 1147 3068 idque
1167 3002 1204 3049 eo

99 3143 252 3213 reponere
271 3125 340 3192 loco
366 3127 422 3211 qui
440 3127 470 3192 ei
489 3127 524 3192 in
548 3125 718 3194 literarum
736 3125 873 3195 historia
897 3127 1006 3196 deberi
1024 3129 1205 3201 videbatur.

101 3274 191 3358 Quod
221 3273 282 3341 feci
315 3275 495 3340 interiectis
525 3275 610 3339 notis
649 3277 794 3355 criticis,
834 3297 915 3363 quas
946 3278 999 3345 bic
1032 3280 1098 3347 illic
1130 3303 1208 3350 con·

100 3428 215 3515 scripsi
244 3425 408 3493 breviores
431 3444 491 3492 nec
518 3426 673 3493 intercuti
695 3424 828 3495 madore
858 3386 1050 3500 diffluentes.
1098 3434 1208 3503 dltero

102 3574 181 3643 libro
208 3575 395 3665 complexus
422 3595 495 3643 sum
519 3576 759 3645 emendationes
793 3579 829 3644 in
857 3579 1068 3672 dntbologiae
1084 3585 1206 3685 ⁸Palati·

103 3746 161 3795 nae
191 3725 289 3793 libros
318 3729 451 3815 priores.
508 3729 618 3795 Tertio
655 3736 688 3796 et
715 3737 851 3816 quarto,
883 3752 981 3819 quam
1014 3739 1208 3807 maturrime

104 3876 172 3945 deri
193 3884 298 3966 potest
322 3877 480 3958 edendis,
507 3879 657 3948 volumen
680 3880 819 3950 alterum
842 3883 1073 3955 emendaturus
1089 3888 1206 3956 lustra·

103 4026 159 4105 bo,
182 4026 281 4094 libros
304 4047 480 4095 exorsurus
501 4028 541 4095 ab
554 4029 834 4102 Hermesianactea
855 4035 967 4124 Elegia
990 4040 1118 4107 avitiis
1132 4059 1208 4127 pur·

105 4175 226 4262 ganda,
251 4176 336 4246 unde
357 4181 389 4246 in
411 4179 610 4250 Athenaeum
631 4184 837 4273 digressurus
861 4188 901 4255 ab
923 4190 1209 4278 inscriptionibus,
