2828 4936
686 255 866 318 ..32-

552 404 559 428 t

312 444 407 511 οιιοοὶ
429 444 460 508 δὲ
479 445 523 523 μὴ
544 442 615 508 arari
637 441 749 524 νίττροι
771 439 875 523 Φέρειν
900 438 1113 520 κρυστάλλινα
1138 441 1282 520 Νυμφᾶν

295 602 302 617 ι
404 553 501 646 brice,
525 563 578 630 riu
600 562 752 645 ὑβριστὰο
775 562 819 636 εἷς
840 562 897 642 ε’μὲ
917 559 1105 644 δερκόμενος.

308 685 350 764 β.
374 682 505 764 sirius
523 685 557 750 ori
577 680 679 760 λέξεις
697 660 799 765 ἕτερον
818 656 992 762 λόγονςόι.
1014 681 1105 747 οέλλόι
1123 677 1267 763 neptun

405 800 565 882 essitas·
588 802 709 876 τούτοις
730 808 858 886 χρῶμαι
878 802 974 869 istola
998 801 1158 882 νομίμοις·

241 990 244 995 .
317 927 351 1002 ἦν
369 925 400 993 li
424 898 758 1008 τοιῇςὲοιίτςδες,
783 922 865 1006 ἔχων
888 921 1008 998 eddon,
1032 921 1101 990 ἔστι
1124 922 1177 989 xci
1198 919 1289 988 ἄλλοι

368 1112 370 1117 ,
406 1045 529 1126 τέχνα,
553 1047 596 1128 τῷ
618 1043 743 1128 ῥοπάλῳ
766 1045 826 1111 rita
846 1045 995 1128 κεφαλὰν
1018 1043 1168 1125 λὲιιομις.

226 1168 281 1238 Vs.
302 1166 558 1239 ascribendum
592 1165 685 1248 ἔχων.
734 1167 847 1258 lnapta
878 1167 964 1233 euim
996 1167 1155 1239 sententia
1184 1163 1335 1254 vulgatae

222 1296 390 1379 >surrepta
421 1310 500 1355 urna
534 1290 666 1378 aquaria
696 1286 829 1353 bauri.’'
878 1285 965 1355 Dicit
986 1289 1061 1354 Pan
1084 1285 1261 1376 uuicuique
1290 1285 1333 1351 li·

221 1430 300 1477 cere
328 1407 378 1475 rel
406 1408 553 1475 monibus
584 1407 634 1475 vel
656 1430 736 1474 urna
767 1429 882 1498 aquam
914 1407 1045 1474 haurire
1078 1407 1148 1483 sitis
1179 1404 1334 1473 levandae

226 1531 342 1620 gratia.
392 1531 486 1598 vsu
519 1528 619 1596 codex
652 1529 815 1596 Palatinus
842 1529 996 1618 praebet:
1035 1530 1071 1606 ἢν
1093 1529 1125 1596 δὲ
1149 1529 1237 1613 uinus
1261 1527 1335 1594 ἐπί·

222 1649 339 1728 rssler,
365 1649 452 1741 quod
483 1663 587 1717 metro
617 1649 833 1740 redarguitur.
880 1650 1031 1718 Reislius
1061 1651 1190 1741 scripsit
1218 1658 1333 1734 ποιῇς,

228 1771 317 1864 quod
345 1771 528 1838 Brunclsius
557 1773 792 1860 interpretatus
821 1783 888 1840 est:
927 1794 949 1836 >r
963 1774 987 1838 si
1012 1769 1086 1841 vern
1111 1771 1151 1840 dn
1174 1770 1334 1838 industria

229 1893 264 1960 id
296 1892 431 1971 leceris,
455 1880 532 1983 quia
560 1891 714 1960 cinaedus
741 1893 814 1962 es.”
864 1892 1028 1979 Quaeris
1055 1891 1171 1960 dubito
1192 1915 1232 1959 an
1263 1893 1336 1960 iure

231 2016 362 2083 Graecis
383 2015 489 2082 verbis
507 2015 606 2082 tribui
635 2015 755 2105 possit,
777 2037 883 2111 noque
902 2012 1042 2081 diffiteor
1062 2013 1143 2082 mihi
1168 2013 1230 2082 boc
1253 2014 1336 2082 scri·

225 2145 286 2228 pto
305 2134 564 2204 emendationem
586 2158 695 2203 uersus
718 2137 827 2227 potius
851 2136 1012 2226 incaptum
1034 2159 1130 2228 quam
1155 2136 1333 2227 perlectam

229 2255 347 2326 videri.
394 2255 574 2322 Nicarcbns
596 2257 763 2346 scripsisse
786 2254 937 2326 videtur:

320 2381 357 2457 sir
378 2378 410 2446 δὲ
434 2387 522 2462 ποιῇς
546 2377 598 2445 ἔτι
622 2385 740 2454 τοῖσιν,
765 2376 847 2460 ἔχων
870 2375 967 2453 cnidos
992 2380 1057 2446 κτὲ.

229 2501 292 2568 hac
313 2502 492 2568 sententiat
519 2523 539 2564 >r
553 2501 577 2566 si
600 2513 636 2566 ut
665 2499 816 2591 pathicus
837 2500 887 2568 rel
910 2499 959 2566 bia
979 2498 1102 2591 legibus
1124 2501 1216 2590 aquis
1236 2501 1335 2567 sontis

229 2635 262 2689 te
284 2621 413 2699 abluis,
438 2620 501 2687 alia
530 2622 654 2687 ratione
682 2634 714 2688 te
743 2619 821 2687 hinc
846 2623 1002 2690 arcebo.''
1050 2622 1088 2688 In
1109 2621 1217 2687 uerbis
1235 2622 1334 2688 etiam

231 2743 297 2809 alia
316 2743 441 2809 restitui
465 2741 678 2831 probabiliter
708 2755 864 2831 possunt,
890 2756 926 2809 ut
948 2765 978 2811 v.
1001 2765 1029 2808 c.
1055 2741 1090 2818 ἢν
1114 2741 1145 2809 ll
1169 2751 1258 2827 ποιῇς
1280 2741 1335 2810 la'l

228 2861 322 2937 roirl'
342 2859 396 2928 ἅτ’
419 2858 501 2943 ἔχων
524 2859 634 2935 πάθος.

276 2983 334 3050 llis
358 2994 466 3048 autom
496 2982 764 3071 inscriptionibus
799 2982 970 3049 cavebatur
1000 3006 1041 3050 ue
1071 2984 1143 3049 lons
1174 3005 1274 3074 purus
1302 2996 1336 3052 et

228 3103 335 3171 dulcis
365 3101 514 3170 sordibus
544 3101 721 3169 lavantium
753 3104 1003 3194 inquinaretur,
1029 3107 1120 3171 cuius
1154 3106 1200 3171 rei
1233 3105 1336 3196 pratia

229 3224 272 3292 de
295 3223 387 3292 lente
404 3221 463 3290 illo
486 3222 644 3291 Arcadico
667 3224 753 3291 lama
773 3247 915 3316 sparsum
942 3237 1029 3306 erat,
1057 3227 1246 3316 omnesqui
1267 3225 1338 3293 eius

229 3346 321 3438 aquis
346 3344 551 3425 lavarentur,
577 3346 689 3411 vinum
717 3358 915 3412 aversaturos
934 3368 1014 3414 esse.
1062 3344 1144 3414 Aliis
1171 3346 1250 3413 lnois
1269 3367 1336 3414 nnn

231 3464 442 3534 dissimilibus
468 3463 736 3533 terriculamentis
760 3468 809 3532 usi
831 3478 905 3531 suut
929 3464 968 3531 ad
995 3466 1172 3533 monendos
1199 3467 1337 3534 viatores

232 3608 280 3655 na.
301 3607 418 3676 aquam
443 3584 543 3652 lontis
572 3608 711 3653 amaram
738 3598 770 3653 et
793 3585 906 3651 salsam
935 3596 1108 3675 potarent,
1143 3609 1227 3677 quae
1255 3599 1339 3654 tam·

231 3729 328 3798 quam
350 3728 424 3774 reru
446 3708 550 3775 securi
575 3708 608 3773 in
632 3707 730 3773 libros
758 3728 830 3772 suos
848 3705 1070 3775 conduxerunt
1096 3709 1282 3799 Pericgetae
1304 3721 1339 3776 et
1372 3719 1376 3726 “

232 3825 433 3898 Mirabiliutu
468 3838 674 3894 scrutatores.
729 3826 851 3893 Rursus
893 3826 986 3895 Sotio
1024 3850 1055 3899 c.
1080 3826 1202 3900 xxvl.
1237 3829 1269 3896 ἐν
1303 3828 1336 3897 ll

235 3948 393 4023 Σούσοις
416 3954 483 4023 τῆς
507 3946 686 4029 Περσίδος
712 3945 736 4035 ¹)
762 3944 837 4030 ὕδωρ
859 3944 937 4015 sirau
955 3949 1117 4031 λέγουσιν,
1142 3947 1235 4018 irtio
1251 3949 1360 4027 οιιδιι·ι

267 4219 291 4288 ¹)
311 4213 397 4270 Etiam
416 4211 553 4270 Vitruvius
567 4216 649 4287 vul,
670 4221 694 4272 3.
724 4216 823 4276 fontem
844 4218 925 4274 θιιιίι
944 4215 1022 4274 luisse
1041 4228 1153 4290 narrnt,
1173 4218 1249 4276 euius
1269 4237 1336 4296 aqna
