2828 4936
682 207 887 268 -154-

228 414 265 458 ro
289 386 466 458 calcaribus
496 391 633 457 nimium
664 391 785 469 ebuso,
812 416 875 459 non
900 392 1090 460 mutandum
1121 393 1218 463 foret.
1267 397 1333 465 Sed

227 524 368 604 praestat
388 514 569 603 corrigere:

407 634 474 714 iisse
497 638 701 718 ιιεντροροινὴς
721 635 871 714 βιολοῦοιι
894 636 997 702 eatae

317 758 397 838 ψιλὴ
419 758 525 839 λευρὸν
548 755 635 831 ἔθυσε
658 755 726 838 περὶ
750 754 868 839 δρόμον.

227 875 273 945 Ut
289 897 391 966 equus
411 877 537 943 dicatur
556 875 736 944 calcaribus
757 878 914 942 laceretur
935 894 1013 943 erre.
1060 876 1166 945 Idetro
1188 876 1251 946 hoo
1274 879 1334 949 de·

228 995 276 1064 dit
299 1010 394 1087 poeta
419 1009 455 1064 ut
481 998 573 1064 litera
599 1018 701 1080 pnon
722 998 883 1086 geminate
912 1008 1070 1064 uteretur.
1121 998 1174 1064 Vs.
1198 1006 1230 1069 5.
1258 1023 1334 1071 rere

225 1118 340 1210 procui
359 1116 461 1184 dnbio
480 1117 567 1209 qnod
584 1116 624 1183 ad
649 1119 840 1183 sententiam
860 1117 1026 1184 Ieeobrius
1045 1119 1204 1186 coniecit:
1228 1123 1333 1204 Ἀμυ-

226 1245 358 1307 ιιλιιῖτοιι
384 1240 562 1321 βασιλῆες,
589 1238 689 1328 quod·
709 1242 819 1307 metro'
839 1261 1017 1328 congruum
1041 1240 1182 1309 reddidit
1207 1242 1334 1313 Μείνιο-

226 1361 297 1428 Iius
325 1360 466 1451 scripto:
503 1359 727 1439 Ἀμυιιλιιῖδιιι.
774 1359 878 1449 quue
906 1359 945 1427 de
975 1361 1168 1451 Tyndaridis
1197 1368 1334 1456 proprie

225 1481 362 1551 dictum.
409 1480 473 1548 Sed
498 1480 632 1548 offendit
655 1480 760 1548 hiatus
790 1483 822 1548 in
849 1483 952 1550 verbis
981 1483 1069 1551 τιιιδὶ
1093 1485 1332 1566 Ἀμυιιλιιΐδοιι,

226 1624 326 1695 quare
345 1600 571 1694 praecedentia
592 1623 723 1691 quoqne
746 1615 898 1694 corrupta
917 1619 1010 1694 puto.

271 1723 310 1791 In
331 1723 468 1791 nutricis
490 1721 674 1813 sepulerum
696 1724 864 1815 inscriptio
888 1727 1004 1792 merito
1028 1728 1164 1816 pessime
1188 1752 1206 1793 a
1225 1729 1332 1795 Boeo·

226 1843 304 1912 thio
333 1842 419 1911 dicta
452 1842 568 1932 legitur
604 1845 637 1910 in
671 1842 709 1912 0.
734 1840 761 1912 I.
798 1868 832 1914 n.
862 1847 941 1914 808.
973 1869 1006 1915 ν.
1039 1848 1209 1919 Welcker.
1242 1848 1331 1938 sytt.

225 1989 259 2057 p.
276 1969 357 2045 20..
382 1965 460 2032 item
485 1964 547 2030 alia
568 1964 653 2031 edite
673 1964 706 2031 In
725 1965 809 2034 Mus.
832 1965 939 2034 Rhen.
962 1969 1061 2035 1845.
1085 1992 1122 2058 p.
1144 1971 1224 2040 235.
1249 1974 1282 2039 3.

314 2083 442 2155 Ἐνυοὶδε
465 2092 509 2166 νῆ
533 2085 665 2168 κοιτέχει
685 2087 790 2162 τιτθὴν
812 2086 931 2154 παίδων
951 2088 1117 2168 Διογείτου

405 2207 441 2272 ἐκ
463 2207 695 2285 Πελοποννήσου
714 2205 804 2284 τήνδε
823 2207 1034 2286 δικαιοτάτην.

224 2327 319 2401 Unde
336 2328 595 2410 demonstratur,
621 2329 647 2395 si
664 2331 860 2418 argumentis
881 2329 920 2394 nd
942 2329 1027 2396 hane
1048 2351 1175 2399 causam
1194 2333 1332 2401 firmen-

224 2451 299 2520 dam
322 2442 403 2543 opns
422 2464 493 2533 est,
518 2473 554 2519 ex
579 2451 684 2541 cippis
701 2449 862 2541 descripta
882 2474 949 2523 erse
965 2454 1107 2520 carmina
1130 2454 1333 2523 dioscoridis

225 2575 267 2644 Δ.
295 2573 334 2644 Ρ.
355 2571 443 2652 vlt,
479 2574 557 2640 ⁴56.
593 2567 851 2640 Callimachi‘e.
879 2573 968 2651 458,
1002 2576 1035 2639 'et
1064 2571 1332 2655 Theocritisire

225 2693 388 2765 Leonidae
410 2693 573 2759 Tarentini
595 2713 626 2759 c.
648 2695 728 2758 663.
783 2720 786 2725 ·

403 2819 443 2880 ‘0
462 2812 574 2892 μικιιδς
597 2810 660 2878 τόδ’
683 2810 791 2889 ἔτευξε
813 2819 857 2898 τᾷ
881 2813 1020 2898 &priores
1068 2808 1070 2813 ’

313 2935 446 3014 Μήδειος
466 2932 502 3000 ri
520 2935 623 3014 μνᾶμ’
643 2932 694 2999 dari
718 2941 761 3019 τᾷ
781 2932 836 3016 ὁδῷ
860 2931 1048 3018 ιιήτὲγροιψε
1071 2935 1232 3012 Κλεῖτος·

402 3053 469 3133 ἑξεῖ
484 3052 545 3121 eea
564 3052 659 3136 χάριν
682 3053 705 3120 οὶ
725 3053 809 3132 Jove
828 3055 899 3121 νοντ’
921 3054 1041 3122 ἐκείνων

312 3173 351 3244 ὦν
371 3176 423 3244 τὸν
446 3182 537 3258 κῶμον
557 3174 665 3259 ἔθρεψε
688 3177 721 3244 ri
739 3172 822 3256 μιὶνς
847 3172 893 3243 ὅτι
916 3179 1061 3260 χρντίμοι
1084 3186 1234 3267 τελευτᾷ.

221 3297 370 3368 Suaviter
394 3319 475 3390 puer
498 3297 623 3366 Medius
644 3299 713 3387 ipse
744 3297 807 3364 hoc
839 3298 1025 3388 sepulcrum
1062 3303 1183 3368 nutrici
1212 3301 1329 3369 condis

221 3418 304 3487 disse
327 3432 360 3486 et
390 3420 587 3510 epigramma
619 3419 815 3507 inscripsisse
842 3420 991 3509 fingitur.
1037 3419 1189 3488 Nutrices
1216 3435 1327 3491 autern

220 3562 258 3607 ex
281 3540 503 3631 Peloponneso
526 3557 559 3608 et
579 3563 615 3606 er
637 3538 772 3606 Threcia
793 3551 904 3628 petere
927 3538 1071 3605 solebant
1090 3541 1218 3610 Graeci.
1256 3544 1326 3612 Un-

219 3657 261 3726 de
283 3661 495 3751 repetendum
518 3672 599 3751 puto
622 3657 709 3748 quod
734 3659 849 3726 mulier
876 3658 1012 3724 Thracia
1033 3660 1169 3728 oriunda
1190 3662 1325 3731 Themi·

219 3783 329 3852 sinclis
358 3755 479 3851 dicitnr
503 3783 601 3848 inisse
632 3795 756 3860 mater,
782 3803 864 3871 quae
893 3780 957 3847 init
981 3782 1049 3847 eius
1075 3785 1208 3863 nutrix,
1233 3785 1321 3876 epud

218 3901 340 3972 Athen.
361 3902 467 3985 XIII,
494 3904 558 3969 476
584 3899 620 3968 0.
646 3900 699 3968 sari
724 3901 819 3977 οιύτὸς
840 3911 1059 3983 Θεμιστοκλῆς
1082 3903 1117 3983 ἐξ
1140 3905 1266 3990 {resipere
1288 3904 1323 3984 ἦν

216 4025 448 4107 νενενννένιι,
484 4020 581 4103 ὄνομα
607 4021 812 4107 Ἀβροτόνου.
838 4027 878 4099 ὡς
906 4024 1129 4114 Ἀμφικράτης
1153 4029 1270 4112 ἱστορεῖ
1290 4027 1321 4097 ἐν

215 4149 259 4232 τῷ
277 4146 346 4233 τερ)
370 4141 493 4224 ἐνδόξων
515 4144 626 4228 ἀνδρῶν
643 4145 876 4229 συγγράμματι
892 4171 900 4188 ·
