2828 4936
674 254 830 314 „2-

199 437 340 531 niiirqtte
360 439 437 505 artis
461 436 612 528 oporibus
635 452 761 505 exarata
791 451 846 503 aut
869 439 900 503 io
926 438 1032 504 fronte
1055 438 1204 506 codicum
1234 462 1304 507 nra·

202 561 445 650 nuscriptorum
466 570 552 626 antra
574 557 719 625 ordinem
743 559 933 649 paginarum
958 560 1077 650 scripta
1089 560 1301 650 legebantur,

202 681 334 750 Graecis
354 679 486 770 proprio
513 680 644 745 nomine
667 677 754 744 dicta
777 677 1046 763 Ἐιτιγραμματα
1095 680 1159 750 Sed
1187 683 1304 751 inocri·

203 804 331 894 ptiouoa
350 821 451 892 quum
468 799 661 890 pierumque
676 812 780 866 essent
791 800 953 868 breviores
969 824 1074 893 neque
1092 815 1216 875 certum
1231 827 1304 871 rcr-

202 946 295 990 anum
325 920 517 989 excederent
549 943 743 1001 numerum,
780 922 826 987 nil
856 924 974 989 mirum
1017 923 1131 996 eodem
1172 927 1303 995 nomine

202 1045 266 1110 iam
295 1055 441 1120 mature,
465 1055 503 1128 ut
523 1042 675 1131 Meleagri
699 1042 916 1132 antiquissimi
947 1043 1163 1136 Anthologiae
1188 1045 1304 1114 condi·

109 1174 111 1178 '
203 1165 283 1231 toris
306 1175 430 1241 aetate,
454 1161 541 1228 dicta
563 1184 629 1228 eoae
653 1163 761 1229 omnia
780 1165 922 1229 carmina
943 1166 1034 1253 parri
1058 1164 1220 1244 ambitus,
1244 1190 1304 1234 cn·

204 1287 383 1374 inocunquo
418 1282 545 1350 tandem
579 1284 775 1372 argumenti.
831 1283 991 1372 Exiguum
1027 1284 1114 1351 onim
1154 1307 1304 1354 veranum

203 1429 372 1474 numerum
391 1418 424 1474 et
448 1404 641 1472 brevitatem
669 1404 849 1470 carminum
871 1406 1000 1472 unicam
1033 1427 1100 1473 erae
1130 1418 1251 1473 cartam
1272 1424 1306 1474 er

203 1529 368 1619 propriam
387 1540 521 1604 notam,
542 1547 605 1615 qna
624 1524 768 1590 cernitur
789 1523 1016 1614 Epigramma,
1040 1539 1216 1594 constater
1233 1550 1305 1596 ror·

203 1649 291 1716 ribus
317 1646 558 1725 Parmenionis,
584 1643 686 1714 dnth.
711 1645 779 1712 Pal.
801 1645 849 1712 lx
862 1695 872 1726 ‚
897 1669 970 1737 cap.
992 1650 1072 1718 342.

293 1767 377 1849 Φημὶ
402 1765 610 1848 τολωοτιχίνιν
633 1764 879 1849 ἐπιγράμματος
903 1767 937 1834 οὐ
961 1767 1049 1837 κατὰ
1071 1767 1204 1844 Μούσας

339 1885 438 1959 εἶναι·
462 1889 508 1968 μὴ
532 1885 649 1969 ζητεῖτ’
672 1888 705 1952 ἐν
728 1886 844 1970 σταδίῳ
866 1885 993 1970 δολιχόν
1016 1888 1084 1956 xri.

203 2026 236 2079 ot
260 2009 398 2100 cyrilli,
423 2011 480 2099 qui
502 2031 554 2075 ser
582 2006 724 2074 versibus
754 2008 950 2099 epigramma
979 2007 1208 2078 absolvendum
1238 2032 1307 2078 esso

204 2134 274 2212 ait,
299 2133 346 2202 ib.
371 2153 401 2200 c.
422 2133 501 2200 369.
1113 2218 1116 2223 ,

249 2251 426 2334 Πανααλδν
449 2252 515 2317 ἔστ’
538 2250 733 2344 ἐπίγραμμα
754 2251 790 2318 το
813 2250 975 2337 δίστιχον,
1000 2252 1036 2330 ἣν
1052 2251 1084 2317 δὲ
1107 2250 1260 2340 παρέλθῃς

293 2375 366 2450 τοὺς
388 2381 490 2457 τρεῖς,
514 2371 667 2456 ῥαψῳδεῖς
691 2372 766 2438 κούκ
790 2372 983 2456 ἐπίγραμμα
1004 2373 1123 2456 λέγεις.

206 2495 296 2563 ldom
320 2506 430 2584 patore
448 2491 576 2559 ridetur
595 2515 632 2558 er
656 2491 802 2583 Philippi
825 2515 918 2561 versu
935 2495 967 2562 io
992 2496 1162 2563 Prooemio
1182 2494 1307 2563 Antho-

206 2616 309 2705 iogiaa
332 2617 634 2707 Epigrammatum‚
660 2615 701 2681 Δ.
721 2614 759 2683 Ρ.
781 2614 853 2694 lv,
876 2618 919 2695 2,
944 2623 978 2684 5.

260 2796 263 2801 .
296 2735 387 2802 ἄλλα
408 2733 624 2817 παλαιοτέρων
648 2734 731 2809 εἰδὼς
753 2732 862 2808 κλέος,
887 2734 978 2800 ἕσθλὲ
1001 2732 1173 2814 Καμιλλε,

217 2918 220 2925 .
342 2855 433 2934 nocido
457 2854 510 2920 καὶ
533 2854 705 2937 ὁπλοτέρων
727 2855 800 2930 τὴν
822 2854 1138 2936 ολινοοτιχίνν.

208 2975 326 3059 Omnia
348 2975 429 3043 haec
453 2978 594 3043 carmina
624 2977 759 3043 minoria
792 2973 955 3054 ambitus,
979 2996 1039 3064 pro
1069 2988 1200 3042 renata
1228 2977 1309 3043 acri·

209 3111 284 3188 pta.
314 3092 414 3165 altera
439 3110 531 3189 parto
553 3095 799 3189 complectenda
826 3108 859 3162 et
885 3118 946 3185 pro
970 3109 1160 3186 argumento
1182 3098 1309 3165 diverso

208 3221 244 3286 in
270 3231 334 3286 treo
365 3219 466 3287 libror
501 3217 681 3286 diducenda
711 3217 907 3308 putaverim.
954 3217 992 3285 ln
1023 3217 1164 3307 primum
1188 3216 1309 3286 librom

208 3339 350 3430 cogenda
371 3340 522 3408 ridentur
540 3343 771 3433 epigrammata
793 3340 940 3423 βιωφελῆ
964 3351 997 3406 ct
1017 3339 1195 3428 biologioa,
1220 3340 1310 3405 erin-

209 3464 251 3533 do
275 3464 417 3531 carmina
440 3486 457 3529 a
487 3463 592 3553 poetis
619 3461 660 3528 ad
691 3474 844 3552 patronos
873 3474 906 3528 et
930 3460 1103 3526 familiare·
1132 3458 1252 3549 scripta
1278 3472 1311 3526 et

209 3599 335 3654 caetera
362 3587 470 3653 omnia
495 3583 634 3650 carmina
663 3583 744 3648 rarii
773 3581 980 3671 argumenti,
1005 3578 1125 3670 quibua
1149 3603 1249 3647 unum
1275 3604 1311 3647 a·

209 3719 302 3796 ptum
329 3720 376 3774 eat
401 3727 572 3773 commune
593 3724 709 3769 nomon
732 3725 770 3769 er
796 3700 856 3777 hac
879 3702 946 3790 ipra
975 3702 1128 3768 varietate
1150 3700 1308 3772 ductum:

211 3827 396 3908 Σνμμιιιτα.
444 3826 585 3894 Secundi
608 3823 685 3890 iibri
707 3835 803 3892 erunt
830 3823 1060 3913 epigrammata
1092 3823 1210 3913 quibua
1233 3845 1312 3914 poo-

211 3961 262 4015 tae
292 3948 379 4015 furta
405 3959 438 4012 et
466 3967 588 4011 amorea
619 3945 807 4011 cecinerunt
843 3958 898 4010 aut
930 3945 994 4010 rioi
1023 3946 1312 4034 conviviorumque

210 4067 319 4136 laudea
352 4065 556 4134 celebrarunt
587 4067 751 4158 uitamque
772 4064 927 4132 hilariter
957 4064 1192 4154 transigendam
1221 4087 1312 4131 cour-

210 4189 424 4260 mcndarnnt:
451 4185 710 4270 Ἐτιγραμματα
731 4188 883 4273 ἐρωτικὰ,
910 4186 1040 4257 rustino
1065 4200 1096 4257 et
1117 4184 1309 4271 ονμτοτικα.
