2828 4936
492 1467 617 1554 iltuit
639 1467 806 1556 tuitus.
934 1532 937 1537 -

358 1761 611 1846 Qususrroues
640 1781 917 1836 rrrcnsrurcsr.

147 2705 377 2797 duthoiogiem
404 2707 559 2774 Grecoem
583 2706 610 2770 si
632 2703 783 2795 equidem
804 2703 961 2772 edendum
980 2708 1197 2799 susciperem,

102 2827 187 2918 quod
211 2851 277 2895 nou
305 2841 388 2924 puto
416 2850 469 2895 mc
497 2828 684 2904 iacturum,
709 2826 765 2894 sed
791 2829 818 2893 si
841 2827 1005 2908 iscerem,
1037 2830 1199 2920 integrum

100 2950 278 3016 carminum
312 2970 431 3039 corpus
459 2949 493 3014 in
524 2947 604 3013 duas
636 2946 861 3015 distribuerem
898 2961 1006 3038 psrtcs
1037 2952 1201 3034 maiorcsj

101 3067 271 3161 Syllogen
307 3069 585 3158 Inscriptionum
617 3080 652 3135 ot
688 3069 1001 3160 Epigrammotum
1036 3071 1201 3141 Florile-

95 3196 223 3283 gium,
253 3192 287 3255 iu
319 3212 385 3278 quo
413 3189 509 3256 titulo
539 3188 694 3256 diversam
726 3192 907 3258 csrminum
936 3192 1078 3260 indolem
1106 3195 1200 3262 indi-⁶

22 3398 25 3403 Ι
99 3312 170 3379 cui
195 3307 317 3376 sdicito
342 3306 583 3398 significationis
612 3308 825 3393 discrimine,
857 3311 943 3400 quod
981 3317 1200 3386 recentiorum

100 3456 159 3501 usu
180 3431 339 3499 Graecum
368 3430 504 3497 intonet
528 3427 678 3495 Latinum
702 3452 820 3497 nomen
844 3431 987 3499 obtinuit
1008 3447 1043 3501 ct
1061 3435 1125 3503 ium
1147 3438 1201 3504 ins

101 3556 216 3622 rsiuit.
270 3551 342 3618 Hoc
366 3548 509 3618 dandum
538 3548 668 3618 ridetur
693 3552 791 3632 usui,
824 3554 977 3621 sermonis
1007 3555 1200 3626 moderandi

102 3675 237 3743 arbitro.
290 3670 545 3762 inscriptionum
580 3670 726 3762 syllogen
756 3673 829 3741 dico
861 3677 1045 3766 congeriem
1075 3682 1201 3746 carmi·

100 3818 177 3863 num
207 3817 291 3884 quae
315 3793 348 3858 iu
371 3792 569 3883 templorum
592 3794 797 3883 perietibus,
830 3796 965 3864 deorum
994 3798 1199 3880 simulacris,

101 3915 243 3985 doneriis
275 3912 338 3980 diis
367 3915 497 3980 sncrstis
529 3926 563 3981 et
595 3915 713 3982 tubulis
742 3919 857 3985 votivis
886 3919 1042 4010 inscripts
1065 3921 1198 3989 fuerunt

17 4125 24 4135 ·
101 4034 401 4124 (Ἀναθημιτικά),
437 4048 469 4102 ct
505 4058 589 4126 quse
624 4038 658 4104 iu
695 4040 916 4130 sepulcrorum
955 4043 1061 4134 cippis
1099 4042 1200 4110 incise

102 4160 358 4249 (Ἑπιτύμβια),
391 4169 446 4224 out
476 4157 510 4224 in
546 4162 682 4241 statuis,
715 4164 871 4253 picturis,
904 4164 1029 4254 poculis
1068 4164 1201 4232 caelatis

950 4286 964 4346 Ι
