2828 4936
555 227 756 290 -121-

109 410 150 478 In
172 410 290 500 quibus
311 412 340 476 ri
366 410 507 493 περισσόν
531 412 648 478 referas
673 412 710 478 od
740 413 864 488 εἱκάνα,
891 434 992 502 quum
1014 413 1082 500 ipsa
1106 412 1212 499 imago

109 533 234 622 egregio
257 544 326 598 arto
346 533 508 599 elaborata
530 533 628 599 fuisse
651 533 808 603 ridentur.

156 632 206 720 Ito
229 655 261 720 in
285 666 387 720 sturno
403 655 543 721 Eunomi
564 654 744 722 citharoedi
765 658 796 722 in
822 656 942 746 templo
963 652 1146 745 Delphico,
1170 650 1211 717 ds

107 774 201 841 cuius
227 776 398 864 periegotis
427 775 514 844 Plut.
539 775 578 842 de
607 774 705 864 Pyro.
742 775 839 844 Orac.
871 798 901 844 o.
924 774 968 843 il.
1000 771 1157 856 ἐπέραινον
1182 773 1210 839 οἱ

108 896 299 979 περιηγηταὶ
320 896 365 963 τά
388 895 651 977 συντεταγμένα,
675 896 771 977 μηδὲν
795 900 879 977 ἡμῶν
898 896 1120 982 φροντίσαντες
1143 896 1211 961 ἐπι-

106 1025 217 1098 τεμεῖν
238 1015 301 1093 oric
323 1020 423 1101 ῥήσεις
447 1019 509 1085 καὶ
536 1019 585 1085 τά
617 1018 745 1086 πολλοὶ
774 1025 846 1085 τῶν
876 1014 1210 1101 ἐπιγραμμάτυν,

106 1160 246 1229 quorum
280 1141 525 1231 inscriptionum
559 1163 656 1206 unum
695 1142 847 1230 opposuit
877 1137 919 1205 ds
949 1139 1069 1227 Tranq.
1098 1138 1208 1206 Anius.

106 1282 137 1328 c.
159 1261 193 1329 6.
217 1261 273 1326 οὐκ
290 1260 472 1340 ἀνέγνωκας
492 1258 543 1329 οὗν
562 1260 599 1328 τὸ
618 1261 812 1344 ἐπίγραμμα
830 1259 868 1327 τὸ
886 1261 918 1326 ἐν
938 1263 1098 1342 Δελφοῖς·

197 1381 295 1463 ὑγροῖς
315 1380 369 1447 καὶ
390 1386 552 1466 τραφερᾶς
571 1382 728 1463 βασιλεὺς
746 1380 849 1461 ΨΑγές
867 1385 904 1462 μ’
920 1379 1088 1456 ἀνέθηκεν,

105 1501 191 1569 iuter
217 1501 374 1591 plurimrs
408 1503 486 1568 olins
508 1503 734 1594 inscriptiones
763 1502 930 1592 logcbrrur
956 1523 1086 1568 carmen
1121 1498 1208 1589 quod

104 1634 264 1689 sorvorum
285 1633 385 1688 exsut
407 1625 440 1688 in
464 1620 566 1692 noth.
591 1624 660 1692 Pul.
679 1624 748 1703 lx,
774 1627 852 1692 584.
883 1625 927 1699 εἰς
947 1619 1209 1703 ἀγαλμαοΕὐνό·

104 1767 165 1823 μου
184 1749 239 1810 τοῦ
257 1743 416 1827 κιθαρῳδοῦ
436 1743 567 1819 ἑστῶτος
588 1744 621 1810 ἐν
641 1750 800 1830 Δελφοῖς,
825 1743 950 1827 ἔχοντος
967 1741 1019 1810 ἐπὶ
1039 1754 1080 1829 τῇ
1099 1738 1210 1824 κιέάρςι

30 1884 33 1889 ·
105 1866 158 1931 καὶ
183 1865 235 1933 τὸν
255 1865 400 1944 μουσικὸν
420 1863 566 1944 τέττιγα.

194 1984 352 2065 Εὔνομον,
374 1988 563 2060 Ὦπολλον,
587 1986 626 2052 σὺ
644 1985 702 2065 μὲν
720 1983 808 2051 οἷσέά
822 2009 866 2064 με
887 1991 951 2060 πῶς
971 1986 1042 2053 ποτ’
1059 1985 1162 2052 ἐνίκων

286 2103 429 2190 Σπάρτιν
450 2106 465 2173 ὅ
486 2106 601 2188 Λοκρὸς
625 2107 711 2185 ἐγώ·
734 2104 928 2187 πευθομένοις
948 2105 975 2171 δ’
997 2105 1104 2173 ἐνέπω.

196 2228 299 2296 αἰόλον
319 2230 351 2294 ἐν
372 2228 482 2312 κιέάρμ
502 2228 592 2309 νέμον
616 2227 755 2312 ἕκρεκον·
779 2230 811 2294 ἐν
830 2227 862 2293 δέ
885 2228 1028 2313 μεσεάσρ

285 2351 349 2436 riori
369 2375 421 2431 μοι
441 2350 558 2433 χορδάν
581 2355 741 2433 πλάκτρον
763 2349 1044 2432 ἀνεκρέμασεν·

194 2473 260 2538 καί
282 2496 334 2551 μοι
358 2469 501 2555 φέέγγον
524 2473 646 2550 ἑτοῖμον
665 2469 802 2537 ὁπανέκα
824 2469 928 2552 καιρὸς
947 2471 1064 2554 ἀπῄτει

284 2600 328 2668 εἷς
351 2593 449 2668 ἀκοάς
469 2593 585 2676 ῥυθμῶν
609 2589 757 2673 τάτρεκές
776 2592 842 2657 οὐκ
864 2588 1007 2671 ἔμενεν.

194 2716 249 2781 καί
271 2739 318 2789 τις
341 2715 400 2781 ἀπ’
420 2711 605 2793 αὐτομάτου
628 2709 754 2794 κιέάρας
778 2712 830 2778 ἐπὶ
850 2719 958 2793 πῆχυν
980 2710 1119 2786 ἐπιπτάς

282 2835 392 2914 τέττιξ
410 2837 543 2919 ἐπλήρου
566 2834 777 2908 τοῦλλιπὲς
799 2832 971 2916 ἀρμονέας,
996 2834 1063 2900 κτέ.

102 2955 141 3024 lu
167 2979 260 3023 vorsu
283 2971 400 3047 quarto
424 2957 505 3025 mihi
526 2958 609 3023 mire
629 2954 753 3023 diorum
778 2953 925 3023 ridetur:
950 2961 1107 3038 πλῆκτρον
1126 2955 1206 3022 ἀπε-

101 3076 240 3161 κρέμασε
262 3079 396 3162 χορδήν,
429 3103 489 3168 pro
520 3102 585 3169 quo
606 3062 739 3145 corbum
764 3078 897 3167 requiro
926 3077 1022 3166 qualo
1052 3089 1100 3145 cst
1122 3079 1207 3162 ἐκερ-

99 3196 260 3278 μάτισεν,
292 3198 336 3265 cl.
362 3195 503 3284 Hesych.
529 3195 816 3279 κατεκερμάτισεν,
840 3195 1050 3278 σννέέροιυσεν.
1099 3199 1153 3265 Vs.
1172 3201 1207 3269 6.

100 3330 191 3388 recto
212 3328 292 3409 puto
314 3316 497 3385 Ircobsium
519 3315 722 3384 emendasse:
749 3318 804 3382 οὐκ
822 3313 951 3394 ἔνεμεν,
977 3337 1117 3404 quorum
1136 3341 1208 3385 ror·

103 3439 220 3506 borum
245 3438 279 3504 in
299 3437 467 3503 codicibus
486 3436 746 3527 frequentissimo
768 3448 816 3502 est
832 3433 1003 3514 confusio,
1029 3436 1083 3503 sed
1105 3460 1206 3528 quum

101 3559 216 3626 durius
248 3558 311 3625 hoc
335 3557 373 3625 od
402 3558 582 3625 subiectum
604 3554 721 3640 χορδάν
743 3557 923 3638 referatur,
948 3558 1079 3649 insuper
1110 3561 1206 3629 initio

102 3702 212 3748 vorsus
244 3680 348 3769 quinti
379 3679 434 3746 καιΙ
468 3678 658 3746 mutaverim
690 3679 721 3745 in
760 3700 939 3766 pronomen
969 3678 1139 3749 rolrrirom
1170 3680 1205 3749 ἀ.

104 3802 160 3871 Vs.
182 3803 215 3870 8.
248 3800 415 3876 τούλλιπές
440 3825 476 3868 ox
498 3803 684 3868 criticorum
708 3797 931 3869 emundatione
959 3802 991 3868 in
1014 3815 1134 3870 tortum
1166 3804 1206 3869 il-

106 3923 207 3988 latum
242 3935 301 3990 cst.
351 3921 458 3989 Codes
486 3920 658 4005 τάσρεκές,
685 3921 772 4011 quod
804 3944 912 3988 errore
945 3944 980 3988 er
1014 3944 1060 3990 rs.
1087 3925 1118 3989 6.
1153 3921 1207 3990 hic

105 4044 268 4134 irrupsisse
291 4057 419 4132 putant.
467 4043 626 4132 Equidem
654 4044 790 4132 cogitari
820 4052 858 4110 οὐ
883 4044 967 4111 forto
990 4045 1103 4132 reponi
1130 4067 1205 4133 pos·

104 4179 151 4232 scr
182 4164 338 4247 τάκρεκές.
398 4164 490 4249 Quod
524 4165 716 4232 adiectirum
746 4167 877 4247 ἀκρεκής
911 4190 927 4231 u
958 4166 1056 4232 verbo
1090 4166 1204 4247 κρέκειν
