2828 4936
614 248 817 310 *tta-—

171 449 385 528 nterpretatus
418 449 508 503 erat:
545 457 662 525 »quae
687 435 768 500 siros
796 433 883 521 cogit
912 453 1026 498 aurum
1061 432 1121 520 ipsi
1139 419 1260 500 'effun-

158 558 254 638 dere,
286 559 371 624 siros
394 558 504 646 itaque
528 558 748 644 emungens,”
772 565 883 642 postea
911 554 944 618 in
976 551 1062 621 add.
1088 551 1127 618 ad
1153 553 1194 623 Δ.
1216 554 1258 624 Ρ.

157 681 296 746 coniecit
317 675 553 760 ἆμεργομέννρν,
579 674 692 743 eodem
713 674 781 741 fere
803 696 908 741 sensu.
934 672 1053 740 Contra
1074 673 1257 743 Meinekiur

157 799 197 866 ad
220 800 292 866 net.
315 800 427 888 Epigr.
451 821 486 887 p.
511 798 573 862 187
599 817 724 863 sessum
747 793 867 860 iniuria
890 796 923 860 in
946 793 1017 860 vitii
1041 794 1257 883 suspicionem

157 919 332 987 adductum
354 941 422 986 esse
437 918 570 984 statuit:
592 914 833 984 Sthenelaidem
853 917 940 983 enirn
959 916 998 982 iis
1015 917 1071 1008 qui
1086 916 1155 982 eius
1176 937 1258 983 con·

155 1040 359 1109 suetudinem
390 1049 598 1129 appeterent,
629 1036 759 1102 divitias
787 1059 858 1101 suas
884 1059 921 1102 er
946 1038 1089 1126 corporis
1121 1051 1258 1127 quaestu

155 1159 467 1238 collectariorum,
493 1179 558 1247 quo
583 1157 686 1223 maius
707 1157 904 1224 amatoribus
923 1157 1063 1246 pretium
1084 1170 1260 1249 extorque·

154 1295 217 1350 ret.
266 1279 367 1350 Multa
389 1292 464 1347 sunt
490 1301 572 1370 qnae
598 1276 676 1344 hnic
696 1279 957 1368 interpretationi
987 1278 1127 1350 obstant.
1174 1281 1259 1348 Ver·

154 1406 234 1472 bum
254 1403 340 1470 enirn
356 1402 525 1483 βούλεσθαι
546 1402 579 1468 in
601 1423 635 1467 re
651 1400 796 1467 Veneres
817 1399 935 1466 dicitur
951 1399 992 1467 de
1015 1423 1142 1468 assensu
1162 1401 1260 1493 puel·

157 1527 283 1604 tarum,
307 1544 443 1613 quarum
471 1520 680 1588 concubitum
711 1523 852 1613 expetis,
877 1545 941 1589 non
966 1520 1006 1589 de
1030 1521 1254 1603 amatoribus;

153 1668 185 1714 r.
212 1644 252 1712 t.
273 1642 310 1713 P.
330 1643 380 1722 V,
407 1644 462 1711 42.
487 1644 521 1711 2.
554 1640 639 1719 xrt,
664 1644 721 1711 29.
749 1645 778 1713 1.
805 1645 884 1711 205.
910 1641 1257 1733 unquentorum

152 1764 316 1833 lacobsius
339 1763 449 1831 Anim.
476 1775 501 1830 t.
524 1761 578 1843 X,
603 1785 637 1852 p.
650 1765 707 1832 92.
731 1761 902 1855 adscripsit
922 1764 1116 1838 Aristaenet.
1134 1765 1171 1846 l,
1200 1769 1258 1838 16·

152 1885 380 1970 σροςεγέλασεν
412 1883 467 1962 ἡδὺ
502 1885 555 1951 καὶ
588 1881 623 1962 ἦν
654 1883 777 1970 σφόδρα
805 1885 996 1967 βουλομένης
1025 1886 1062 1953 ab
1091 1886 1255 1970 βλέμμα,

128 1991 240 2076 'unde
260 2009 294 2074 in
315 2007 426 2097 Epigr.
454 2008 495 2075 A.
515 2007 552 2072 Β.
575 2006 623 2086 V,
649 1992 727 2075 286'.
751 2013 785 2076 7.

243 2134 354 2209 μοῦνον
376 2128 438 2207 ἐγὼ
456 2126 616 2210 χαρίεσσα
635 2128 704 2195 σεδν
724 2127 824 2208 δέμας
846 2130 954 2209 ἀγκὰς
977 2129 1084 2209 ἑλίξας

333 2248 502 2329 θελγοίμνρν
525 2249 577 2316 ἐπὶ
599 2256 663 2325 σοῖς
686 2247 785 2332 iubeor
807 2249 1041 2333 βουλόμενος·

151 2385 266 2462 poetae
297 2369 423 2438 reddidi
459 2369 663 2452 βουλομένης.
721 2372 888 2440 Praeterea
924 2372 1040 2456 χρυσδν
1073 2372 1254 2457 ἐρεύγεσθαο

153 2493 423 2562 translato-sensu
440 2492 564 2560 dictum
583 2493 703 2561 Graece
725 2517 788 2562 uon
813 2496 993 2585 significare
1017 2494 1144 2562 videtur
1167 2494 1256 2563 »di-

152 2614 244 2680 vitias
266 2613 420 2680 iactare''
446 2613 499 2681 sed
531 2613 733 2705 »praedives
756 2618 861 2682 esse.''
910 2612 1067 2705 Compara
1101 2614 1256 2684 Nicoma-

153 2732 252 2800 chum
276 2731 436 2801 Athenaei
454 2733 520 2812 xl,
545 2735 606 2799 781
634 2733 672 2804 F.
697 2731 719 2800 ὦ
741 2741 835 2817 χαῖρε
855 2732 1079 2817 χρυσόκλυστα
1101 2735 1155 2803 καὶ
1175 2760 1255 2822 χρυ·

58 2890 61 2897 ·
150 2855 333 2934 σοῦςέμῶν,
359 2856 416 2922 ubi
436 2854 641 2945 scribendum
661 2854 805 2922 ridetur:
831 2853 1068 2937 χρυσάκλυσσε,
1093 2871 1126 2925 et
1147 2860 1253 2951 ipsum

152 2973 354 3042 Athenaeum
373 2974 452 3052 XV,
477 2978 539 3042 601
568 2975 607 3045 G.
630 2974 792 3049 Εὔπολις·
818 2997 840 3039 >s
853 2972 978 3055 σάγδαν
1000 2976 1218 3060 ἐρυγγάνοντα
1229 2983 1252 3015 ”

150 3095 272 3175 λέγων,
296 3092 370 3181 ὅπερ
392 3096 407 3162 ὅ
431 3096 633 3180 Θυασενρννδς
653 3096 822 3179 Νίκανδρος
846 3096 898 3163 ἐπὶ
927 3101 981 3163 σοῦ
1005 3095 1094 3176 ἄγαν
1119 3099 1256 3182 χλιδῶν·

151 3239 203 3292 σος
222 3216 356 3300 εἰρῆσθαι
375 3217 492 3287 οἳκουέο.
541 3216 591 3285 Ad
612 3216 750 3284 eundem
779 3216 909 3284 modum
937 3218 1053 3301 χρυσὸν
1072 3219 1257 3302 ἐρυγγάνων

153 3337 304 3405 translate
338 3336 461 3406 dietum
488 3355 534 3405 cst
557 3336 645 3417 ἄγαν
668 3344 819 3406 πλουτῶν.
869 3337 932 3407 Sed
964 3341 1097 3429 proprie
1130 3341 1253 3410 dictum

153 3459 312 3548 significat
347 3458 451 3524 »auri
473 3480 619 3547 magnam
640 3459 704 3524 sim
728 3457 815 3547 larga
835 3482 930 3525 manu
958 3458 1073 3527 dare.’'
1121 3461 1254 3529 Praedi-

153 3580 254 3645 situm
279 3593 385 3646 autern
408 3591 586 3645 amatorum
610 3579 731 3643 mentio
755 3579 940 3668 aptissima,
966 3593 1003 3644 ut
1022 3580 1062 3647 de
1082 3584 1253 3651 meretrice

152 3699 237 3790 apud
261 3712 389 3789 poetam
413 3702 572 3766 incertum
597 3697 636 3765 Δ.
662 3700 698 3767 Ρ.
721 3698 784 3775 vl,
811 3701 889 3767 283.
917 3704 947 3767 1.

243 3823 261 3897 ἡ
284 3820 321 3886 σδ
340 3819 409 3903 πρὶν
428 3817 604 3899 αὖχνὶσασα
623 3818 831 3900 πολυχρύσους
854 3818 905 3884 ἐντ’
924 3820 1091 3903 ἐρασταῖς,

153 3941 253 4009 altera
273 3941 350 4007 olins
374 3939 559 4005 coniectura
581 3961 597 4003 a
618 3961 670 4004 me
694 3942 842 4006 restituta
866 3939 1035 4010 arathae:

243 4062 299 4136 ris
321 4065 385 4132 τοῖς
404 4056 623 4137 βουλομένοις,
647 4060 762 4143 χρυσὸν
785 4062 1005 4143 ε’ρευγομένοις.

154 4181 247 4270 Quod
260 4203 346 4248 nunc
370 4179 449 4247 mihi
472 4179 583 4248 durius
597 4180 719 4249 dictum
736 4183 860 4252 ridetur
873 4199 904 4251 et
929 4198 1063 4276 propter
1074 4187 1252 4274 asyndeton
