2828 4936
568 281 746 342 ..99-

103 466 141 532 ln
172 467 262 531 cuius
287 487 330 534 ss.
351 470 371 532 8
396 488 431 532 er
463 463 573 531 codice
594 467 719 531 restitui
741 462 773 530 όν
795 463 880 554 quod
912 465 944 530 in
971 462 1002 530 ἕν
1023 477 1197 534 mutarunt.

101 587 163 654 lllo
184 601 355 654 monentur
380 587 515 654 lectores
534 585 668 654 elternm
691 611 727 654 er
747 586 922 655 infantibus
946 609 1066 654 marem
1087 587 1198 654 deces-

101 712 190 777 sisse.
240 710 345 794 Quum
371 707 411 773 de
441 721 554 797 poetae
578 721 704 784 aetate,
736 709 825 774 cuius
846 708 987 777 carmina
1014 710 1046 774 in
1073 706 1198 776 Antho-

101 829 186 920 logia
207 828 397 918 Meleagrica
416 827 629 918 legebantur,
654 850 717 893 non
742 827 816 892 satis
835 828 875 892 ab
898 829 986 894 omni
1007 840 1100 918 parte
1120 850 1200 896 con·

101 962 165 1017 stet
187 963 219 1016 et
238 949 292 1016 bic
311 950 492 1018 Heraclitus
513 972 576 1016 non
595 948 738 1015 diuersus
761 947 874 1015 baberi
894 950 993 1039 possit
1012 949 1053 1015 ab
1073 949 1200 1041 aequali

103 1069 315 1149 Callimachi,
342 1094 400 1161 pro
424 1082 513 1137 certo
534 1070 691 1136 affirmare
715 1070 790 1135 nolo
814 1068 900 1158 quod
923 1070 1200 1138 verosimillimum

104 1190 186 1257 milri
210 1189 358 1267 ridetur,
391 1193 423 1257 in
454 1190 556 1257 altero
584 1189 726 1257 eiusdem
759 1190 847 1279 cippi
875 1189 974 1257 latere
1002 1191 1201 1282 insculptum

73 1308 201 1380 'fuisse
232 1313 429 1403 epigramma
459 1312 623 1402 Antipatri
654 1311 781 1380 Sidonii
807 1311 853 1380 ib.
878 1333 908 1381 c.
930 1315 1015 1391 464,
1040 1312 1126 1402 quod
1154 1313 1202 1378 al·

104 1436 167 1501 teri
192 1446 279 1500 certe
308 1431 395 1522 quod
424 1431 462 1497 ad
495 1434 659 1499 suavitatis
683 1445 715 1500 et
740 1432 917 1522 elegantiae
944 1432 1034 1501 dotes
1063 1457 1080 1499 a
1104 1434 1204 1502 latere

103 1555 224 1647 epponi
247 1567 409 1623 meretur:

189 1672 235 1741 Ἦ
255 1698 314 1742 τον
336 1698 371 1740 τε
390 1673 516 1756 χθονίας
537 1675 726 1755 Ἀρετκμιόις
747 1671 782 1752 ἐξ
801 1674 928 1741 θκοθτοιο

284 1801 427 1864 Κωκυτοῦ
447 1795 577 1875 θεμένοιν
593 1796 680 1878 ἴχνος
701 1797 751 1862 ἔτ’
770 1795 869 1871 θ’ίόνι,

195 1917 354 2000 οἰχόμενον
378 1915 495 1999 βρέφος
516 1914 586 1998 θρτι
611 1915 665 1999 νέῳ
688 1914 858 1999 φορέονται
876 1917 1003 2000 ἀγοστῷ

284 2038 430 2121 ᾤκτειρον
450 2036 576 2119 θολεροὶ
601 2037 733 2118 nuptm
752 2038 796 2104 εόν
815 2035 890 2120 olibet

196 2158 380 2238 πευθόμενοι
399 2157 451 2224 rio
473 2166 568 2239 κῆροο·
592 2157 631 2222 σὺ
655 2156 687 2223 δὲ
710 2155 893 2235 ξιιόνονοοι
915 2158 1046 2240 τοιρειόις

285 2277 428 2362 δθκρνοιν
448 2276 610 2358 clypeum
631 2279 705 2342 κεῖν’
725 2277 846 2357 θνιοιρόν
869 2274 960 2350 ἔτος·

194 2399 318 2467 διπλόον
338 2399 472 2465 sillum
495 2398 591 2480 Φόλον
610 2395 698 2471 τόκος
718 2394 800 2462 ἄλλο
819 2396 877 2475 μὲν
898 2397 981 2479 οόνδρὶ

284 2518 419 2602 Εὔφρονι
441 2516 668 2597 κοκκιτόμοιν,
694 2515 776 2583 θλλο
795 2517 822 2582 δ’
841 2515 912 2595 ἄγω
934 2517 1103 2601 Φθιμόνοις.

104 2640 171 2712 Ubi
194 2664 240 2710 τε.
263 2648 282 2708 5
316 2663 376 2730 pro
406 2638 554 2717 ξιιόνονοοι
582 2636 669 2729 quod
703 2638 829 2704 nonnisi
857 2637 897 2704 de
924 2640 1014 2729 genis
1044 2637 1204 2728 unguibus

104 2764 138 2829 in
161 2762 252 2828 luctu
271 2759 396 2827 laniatis
418 2759 560 2840 dicitur,
586 2757 808 2849 reponendum
822 2757 948 2826 ridetur
966 2759 1118 2842 ῥκόνοντο.

102 2881 304 2972 Pergendum
338 2881 413 2949 hino
442 2882 482 2947 ad
511 2881 678 2971 Damageti
710 2880 953 2972 inscriptionem
986 2881 1027 2949 A.
1056 2881 1092 2950 P.
1116 2882 1201 2962 vn,

104 3009 185 3072 735.

196 3122 383 3197 Ὕττθτιον,
410 3125 537 3189 Φώκκιοι
560 3125 659 3197 seori
683 3122 778 3196 τόκι,
804 3127 895 3188 τοῦτο
917 3126 1022 3188 essse

287 3241 372 3310 εἶτεν
395 3246 427 3317 ἐς
450 3244 623 3325 ἀτρύγετον
646 3242 745 3310 νθκτοι
769 3242 1003 3324 κατερχομένη·

198 3364 291 3445 Οθμοι
311 3365 373 3444 ἐγὼ
393 3365 558 3439 δόττννος·
582 3363 761 3444 Ἀτόκκιχε
787 3369 870 3426 τοῖον
893 3358 1021 3440 θμευνε,

286 3493 371 3553 τοῖον
395 3486 445 3552 ἔτ’
469 3485 590 3570 clusin
611 3482 661 3559 ννῒ
682 3491 778 3569 περᾷς
803 3481 965 3562 τθκκχοςς

195 3609 297 3691 αὐτὰρ
317 3609 394 3687 ἐμεῦ
414 3606 560 3690 σχεδόθεν
580 3604 669 3688 μόρος
693 3601 842 3670 bracm-
866 3605 905 3677 ὥς
925 3600 1039 3685 όΦελόν
1058 3627 1098 3681 με

286 3728 367 3812 χειρὶ
386 3727 484 3813 Φόκκν
507 3728 562 3804 τὴν
583 3728 639 3804 τὴν
658 3732 753 3809 χεῖρον
769 3725 918 3805 euborica
938 3724 1048 3789 θοινεῒν.

106 3852 273 3920 invocatio
297 3852 418 3917 civium
448 3849 535 3915 urbis
557 3847 721 3915 Phocaeae
753 3846 828 3913 hino
858 3845 1042 3936 explicanda
1063 3846 1148 3936 quod
1172 3850 1203 3914 in

107 3974 165 4040 aiis
186 3973 325 4064 publicis
349 3985 380 4039 et
400 3971 581 4039 celebribus
610 3969 832 4036 condebantur
855 3970 999 4048 mortui,
1025 3979 1061 4033 ut
1082 3969 1206 4035 Atticus

109 4094 193 4160 iusta
214 4092 296 4159 rium
319 4092 470 4182 Appiam.
518 4091 630 4180 Epigr.
658 4089 776 4158 Athen.
797 4090 850 4168 X,
878 4091 941 4155 436
965 4089 1006 4156 D.

245 4216 322 4298 θρόον
341 4218 475 4291 Ἄστεος
500 4213 649 4294 cinenses
672 4214 748 4299 τᾷδε
772 4215 846 4296 τιιρ’
870 4213 1051 4293 οὶτριιτιτῷ,

933 4330 954 4396 7
966 4335 981 4370 ν
