<?xml version="1.0" encoding="UTF-8"?>
<!DOCTYPE html PUBLIC "-//W3C//DTD XHTML 1.0 Transitional//EN"
    "http://www.w3.org/TR/xhtml1/DTD/xhtml1-transitional.dtd">
<html xmlns="http://www.w3.org/1999/xhtml" xml:lang="en" lang="en">
 <head>
  <title>
</title>
<meta http-equiv="Content-Type" content="text/html;charset=utf-8" />
  <meta name='ocr-system' content='tesseract 3.04.00' />
  <meta name='ocr-capabilities' content='ocr_page ocr_carea ocr_par ocr_line ocrx_word'/>
</head>
<body>
  <div class='ocr_page' id='page_1' title='image "./commentationisc00heckgoog_0134.png"; bbox 0 0 2828 4936; ppageno 0'>
   <div class='ocr_carea' id='block_1_1' title="bbox 549 256 753 319">
    <p class='ocr_par' dir='ltr' id='par_1_1' title="bbox 549 256 753 319">
     <span class='ocr_line' id='line_1_1' title="bbox 549 256 753 319; baseline 0 0"><span class='ocrx_word' id='word_1_1' title='bbox 549 256 753 319; x_wconf 87' lang='lat'>-125-</span> 
     </span>
    </p>
   </div>
   <div class='ocr_carea' id='block_1_2' title="bbox 86 438 1198 3551">
    <p class='ocr_par' dir='ltr' id='par_1_2' title="bbox 89 438 1198 1736">
     <span class='ocr_line' id='line_1_2' title="bbox 93 438 1196 533; baseline 0.005 -27"><span class='ocrx_word' id='word_1_2' title='bbox 93 438 153 507; x_wconf 77' lang='lat' dir='ltr'><strong>dna</strong></span> <span class='ocrx_word' id='word_1_3' title='bbox 184 441 215 505; x_wconf 82' lang='grc' dir='ltr'><strong>ἐν</strong></span> <span class='ocrx_word' id='word_1_4' title='bbox 245 442 347 525; x_wconf 73' lang='grc' dir='ltr'><strong><em>ὀπώρα</em></strong></span> <span class='ocrx_word' id='word_1_5' title='bbox 379 439 503 526; x_wconf 79' lang='grc' dir='ltr'><strong><em>πέφυκε</em></strong></span> <span class='ocrx_word' id='word_1_6' title='bbox 526 443 682 521; x_wconf 74' lang='grc' dir='ltr'><strong><em>γενέσθαι.</em></strong></span> <span class='ocrx_word' id='word_1_7' title='bbox 741 444 887 511; x_wconf 89' lang='lat' dir='ltr'><strong>Priorum</strong></span> <span class='ocrx_word' id='word_1_8' title='bbox 921 445 1018 533; x_wconf 77' lang='lat' dir='ltr'><strong>igitur</strong></span> <span class='ocrx_word' id='word_1_9' title='bbox 1048 465 1196 511; x_wconf 83' lang='lat' dir='ltr'><strong>versuum</strong></span> 
     </span>
     <span class='ocr_line' id='line_1_3' title="bbox 93 563 1196 653; baseline 0.001 -23"><span class='ocrx_word' id='word_1_10' title='bbox 93 583 204 632; x_wconf 85' lang='lat' dir='ltr'><strong>sensus</strong></span> <span class='ocrx_word' id='word_1_11' title='bbox 225 574 296 629; x_wconf 85' lang='lat' dir='ltr'><strong>sat:</strong></span> <span class='ocrx_word' id='word_1_12' title='bbox 324 563 433 632; x_wconf 76' lang='lat' dir='ltr'><strong>Ariste</strong></span> <span class='ocrx_word' id='word_1_13' title='bbox 454 587 536 653; x_wconf 88' lang='lat' dir='ltr'><strong>quse</strong></span> <span class='ocrx_word' id='word_1_14' title='bbox 557 587 609 632; x_wconf 90' lang='lat' dir='ltr'><strong>me</strong></span> <span class='ocrx_word' id='word_1_15' title='bbox 632 566 752 633; x_wconf 80' lang='lat' dir='ltr'><strong>Dianas</strong></span> <span class='ocrx_word' id='word_1_16' title='bbox 771 564 933 632; x_wconf 84' lang='lat' dir='ltr'><strong>dedicarit</strong></span> <span class='ocrx_word' id='word_1_17' title='bbox 956 565 1056 631; x_wconf 89' lang='lat' dir='ltr'><strong>nullis</strong></span> <span class='ocrx_word' id='word_1_18' title='bbox 1077 566 1109 630; x_wconf 91' lang='lat' dir='ltr'><strong>in</strong></span> <span class='ocrx_word' id='word_1_19' title='bbox 1129 565 1196 632; x_wconf 87' lang='lat' dir='ltr'><strong>basi</strong></span> 
     </span>
     <span class='ocr_line' id='line_1_4' title="bbox 95 683 1198 778; baseline 0.003 -27"><span class='ocrx_word' id='word_1_20' title='bbox 95 683 260 775; x_wconf 70' lang='lat' dir='ltr'><strong>inscriptis</strong></span> <span class='ocrx_word' id='word_1_21' title='bbox 283 685 450 763; x_wconf 78' lang='lat' dir='ltr'><strong>versibus,</strong></span> <span class='ocrx_word' id='word_1_22' title='bbox 484 686 626 753; x_wconf 88' lang='lat' dir='ltr'><strong>tabulam</strong></span> <span class='ocrx_word' id='word_1_23' title='bbox 652 688 789 753; x_wconf 78' lang='lat' dir='ltr'><strong>votivam</strong></span> <span class='ocrx_word' id='word_1_24' title='bbox 814 709 889 754; x_wconf 87' lang='lat' dir='ltr'><strong>cunr</strong></span> <span class='ocrx_word' id='word_1_25' title='bbox 914 687 1124 778; x_wconf 73' lang='lat' dir='ltr'><strong>inscriptione</strong></span> <span class='ocrx_word' id='word_1_26' title='bbox 1146 688 1198 754; x_wconf 92' lang='lat' dir='ltr'><strong>in·</strong></span> 
     </span>
     <span class='ocr_line' id='line_1_5' title="bbox 92 805 1198 899; baseline 0.003 -26"><span class='ocrx_word' id='word_1_27' title='bbox 92 806 158 873; x_wconf 87' lang='lat' dir='ltr'><strong>ciss</strong></span> <span class='ocrx_word' id='word_1_28' title='bbox 191 818 266 872; x_wconf 84' lang='lat' dir='ltr'><strong>ante</strong></span> <span class='ocrx_word' id='word_1_29' title='bbox 297 805 385 873; x_wconf 86' lang='lat' dir='ltr'><strong>basin</strong></span> <span class='ocrx_word' id='word_1_30' title='bbox 409 805 561 874; x_wconf 87' lang='lat' dir='ltr'><strong>collocari</strong></span> <span class='ocrx_word' id='word_1_31' title='bbox 590 808 705 884; x_wconf 86' lang='lat' dir='ltr'><strong>iussit,</strong></span> <span class='ocrx_word' id='word_1_32' title='bbox 739 807 857 897; x_wconf 85' lang='lat' dir='ltr'><strong>siquis</strong></span> <span class='ocrx_word' id='word_1_33' title='bbox 880 807 964 873; x_wconf 85' lang='lat' dir='ltr'><strong>scire</strong></span> <span class='ocrx_word' id='word_1_34' title='bbox 987 808 1198 899; x_wconf 85' lang='lat' dir='ltr'><strong>cupitquae·</strong></span> 
     </span>
     <span class='ocr_line' id='line_1_6' title="bbox 94 925 1197 1006; baseline 0.002 -12"><span class='ocrx_word' id='word_1_35' title='bbox 94 948 169 994; x_wconf 91' lang='lat' dir='ltr'><strong>nam</strong></span> <span class='ocrx_word' id='word_1_36' title='bbox 200 948 252 993; x_wconf 85' lang='lat' dir='ltr'><strong>me</strong></span> <span class='ocrx_word' id='word_1_37' title='bbox 285 925 363 994; x_wconf 84' lang='lat' dir='ltr'><strong>deae</strong></span> <span class='ocrx_word' id='word_1_38' title='bbox 393 926 606 994; x_wconf 84' lang='lat' dir='ltr'><strong>sacraverit.&#39;’</strong></span> <span class='ocrx_word' id='word_1_39' title='bbox 663 926 817 994; x_wconf 81' lang='lat' dir='ltr'><strong>Conferas</strong></span> <span class='ocrx_word' id='word_1_40' title='bbox 848 928 983 995; x_wconf 87' lang='lat' dir='ltr'><strong>Paussn.</strong></span> <span class='ocrx_word' id='word_1_41' title='bbox 1003 927 1054 1006; x_wconf 76' lang='lat' dir='ltr'><strong>V,</strong></span> <span class='ocrx_word' id='word_1_42' title='bbox 1081 931 1137 997; x_wconf 84' lang='lat'><strong>25.</strong></span> <span class='ocrx_word' id='word_1_43' title='bbox 1162 932 1197 997; x_wconf 88' lang='grc'><strong>2.</strong></span> 
     </span>
     <span class='ocr_line' id='line_1_7' title="bbox 91 1046 1197 1131; baseline 0.002 -16"><span class='ocrx_word' id='word_1_44' title='bbox 91 1046 160 1115; x_wconf 74' lang='grc' dir='ltr'><strong>ἔστι</strong></span> <span class='ocrx_word' id='word_1_45' title='bbox 183 1047 216 1113; x_wconf 71' lang='grc' dir='ltr'><strong>δὲ</strong></span> <span class='ocrx_word' id='word_1_46' title='bbox 243 1047 300 1129; x_wconf 75' lang='grc' dir='ltr'><strong>πρὸ</strong></span> <span class='ocrx_word' id='word_1_47' title='bbox 327 1053 387 1114; x_wconf 79' lang='grc' dir='ltr'><strong><em>τοῖν</em></strong></span> <span class='ocrx_word' id='word_1_48' title='bbox 411 1048 508 1115; x_wconf 77' lang='grc' dir='ltr'><strong><em>ποδοῖν</em></strong></span> <span class='ocrx_word' id='word_1_49' title='bbox 527 1053 582 1115; x_wconf 78' lang='grc' dir='ltr'><strong>ποῖ</strong></span> <span class='ocrx_word' id='word_1_50' title='bbox 611 1049 733 1131; x_wconf 82' lang='grc' dir='ltr'><strong><em>Ὀρκῖον</em></strong></span> <span class='ocrx_word' id='word_1_51' title='bbox 759 1046 900 1115; x_wconf 77' lang='grc' dir='ltr'><strong><em>πννοῖκνον</em></strong></span> <span class='ocrx_word' id='word_1_52' title='bbox 930 1052 1095 1130; x_wconf 79' lang='grc' dir='ltr'><strong><em>χαλκοῦν,</em></strong></span> <span class='ocrx_word' id='word_1_53' title='bbox 1127 1049 1197 1117; x_wconf 77' lang='grc' dir='ltr'><strong><em>ἰπο-</em></strong></span> 
     </span>
     <span class='ocr_line' id='line_1_8' title="bbox 89 1167 1198 1261; baseline 0 -26"><span class='ocrx_word' id='word_1_54' title='bbox 89 1167 277 1251; x_wconf 71' lang='grc' dir='ltr'><strong><em>γέρροππαο</em></strong></span> <span class='ocrx_word' id='word_1_55' title='bbox 301 1167 334 1234; x_wconf 71' lang='grc' dir='ltr'><strong>δὲ</strong></span> <span class='ocrx_word' id='word_1_56' title='bbox 358 1168 489 1247; x_wconf 68' lang='grc' dir='ltr'><strong><em>ἐλεγεῖα</em></strong></span> <span class='ocrx_word' id='word_1_57' title='bbox 512 1169 563 1234; x_wconf 76' lang='grc' dir='ltr'><strong>ἐπ’</strong></span> <span class='ocrx_word' id='word_1_58' title='bbox 591 1171 700 1235; x_wconf 77' lang='grc' dir='ltr'><strong><em>αὐτοῦ.</em></strong></span> <span class='ocrx_word' id='word_1_59' title='bbox 751 1169 830 1237; x_wconf 86' lang='lat' dir='ltr'><strong>Leni</strong></span> <span class='ocrx_word' id='word_1_60' title='bbox 861 1180 969 1245; x_wconf 86' lang='lat' dir='ltr'><strong>antem</strong></span> <span class='ocrx_word' id='word_1_61' title='bbox 1001 1191 1097 1236; x_wconf 88' lang='lat' dir='ltr'><strong>manu</strong></span> <span class='ocrx_word' id='word_1_62' title='bbox 1128 1169 1198 1261; x_wconf 84' lang='lat' dir='ltr'><strong>ipss</strong></span> 
     </span>
     <span class='ocr_line' id='line_1_9' title="bbox 91 1288 637 1381; baseline -0.005 -22"><span class='ocrx_word' id='word_1_63' title='bbox 91 1293 238 1381; x_wconf 83' lang='lat' dir='ltr'><strong>poetriae</strong></span> <span class='ocrx_word' id='word_1_64' title='bbox 261 1289 356 1356; x_wconf 85' lang='lat' dir='ltr'><strong>rerba</strong></span> <span class='ocrx_word' id='word_1_65' title='bbox 380 1288 520 1356; x_wconf 85' lang='lat' dir='ltr'><strong>sananda</strong></span> <span class='ocrx_word' id='word_1_66' title='bbox 541 1303 637 1357; x_wconf 88' lang='lat' dir='ltr'><strong>sunt·</strong></span> 
     </span>
     <span class='ocr_line' id='line_1_10' title="bbox 183 1407 1080 1495; baseline -0.002 -17"><span class='ocrx_word' id='word_1_67' title='bbox 183 1409 323 1485; x_wconf 67' lang='grc' dir='ltr'><strong><em>Παῖδες,</em></strong></span> <span class='ocrx_word' id='word_1_68' title='bbox 347 1407 472 1495; x_wconf 70' lang='grc' dir='ltr'><strong><em>ἄφωνος</em></strong></span> <span class='ocrx_word' id='word_1_69' title='bbox 495 1410 569 1477; x_wconf 80' lang='lat' dir='ltr'><strong>loir&#39;</strong></span> <span class='ocrx_word' id='word_1_70' title='bbox 592 1408 673 1493; x_wconf 74' lang='grc' dir='ltr'><strong><em>ἅπερ</em></strong></span> <span class='ocrx_word' id='word_1_71' title='bbox 689 1409 803 1476; x_wconf 70' lang='grc' dir='ltr'><strong><em>ε’ννῖπω</em></strong></span> <span class='ocrx_word' id='word_1_72' title='bbox 822 1409 860 1477; x_wconf 87' lang='grc' dir='ltr'><strong>αῖ</strong></span> <span class='ocrx_word' id='word_1_73' title='bbox 879 1433 928 1485; x_wconf 73' lang='lat' dir='ltr'><strong>rte</strong></span> <span class='ocrx_word' id='word_1_74' title='bbox 951 1410 1080 1492; x_wconf 77' lang='grc' dir='ltr'><strong><em>ἓρνρπαο,</em></strong></span> 
     </span>
     <span class='ocr_line' id='line_1_11' title="bbox 274 1528 979 1615; baseline 0 -19"><span class='ocrx_word' id='word_1_75' title='bbox 274 1529 383 1615; x_wconf 72' lang='lat' dir='ltr'><strong>pelta</strong></span> <span class='ocrx_word' id='word_1_76' title='bbox 405 1528 582 1612; x_wconf 77' lang='grc' dir='ltr'><strong><em>οῖκαμαπαν</em></strong></span> <span class='ocrx_word' id='word_1_77' title='bbox 605 1531 784 1612; x_wconf 81' lang='grc' dir='ltr'><strong><em>καπῖεροένα</em></strong></span> <span class='ocrx_word' id='word_1_78' title='bbox 801 1532 859 1615; x_wconf 84' lang='grc' dir='ltr'><strong>πρὸ</strong></span> <span class='ocrx_word' id='word_1_79' title='bbox 881 1530 979 1598; x_wconf 73' lang='grc' dir='ltr'><strong><em>ποδοῖν</em></strong></span> 
     </span>
     <span class='ocr_line' id='line_1_12' title="bbox 183 1650 958 1736; baseline 0.001 -18"><span class='ocrx_word' id='word_1_80' title='bbox 183 1650 317 1721; x_wconf 75' lang='grc' dir='ltr'><strong><em>Αἱθοπῖα</em></strong></span> <span class='ocrx_word' id='word_1_81' title='bbox 338 1676 381 1731; x_wconf 83' lang='grc' dir='ltr'><strong>με</strong></span> <span class='ocrx_word' id='word_1_82' title='bbox 402 1650 476 1736; x_wconf 72' lang='grc' dir='ltr'><strong><em>κόρα</em></strong></span> <span class='ocrx_word' id='word_1_83' title='bbox 497 1657 624 1727; x_wconf 80' lang='grc' dir='ltr'><strong><em>Λατοῦς</em></strong></span> <span class='ocrx_word' id='word_1_84' title='bbox 647 1651 792 1727; x_wconf 76' lang='grc' dir='ltr'><strong><em>οῖῖὲθκκεν</em></strong></span> <span class='ocrx_word' id='word_1_85' title='bbox 814 1653 958 1734; x_wconf 74' lang='grc' dir='ltr'><strong><em>Ἀρίονα.</em></strong></span> 
     </span>
    </p>

    <p class='ocr_par' dir='ltr' id='par_1_3' title="bbox 87 1769 1198 2706">
     <span class='ocr_line' id='line_1_13' title="bbox 92 1769 1195 1862; baseline -0.001 -23"><span class='ocrx_word' id='word_1_86' title='bbox 92 1770 269 1862; x_wconf 80' lang='lat' dir='ltr'><strong>Inscriptio</strong></span> <span class='ocrx_word' id='word_1_87' title='bbox 301 1770 382 1839; x_wconf 85' lang='lat' dir='ltr'><strong>lraec</strong></span> <span class='ocrx_word' id='word_1_88' title='bbox 415 1770 542 1840; x_wconf 85' lang='lat' dir='ltr'><strong>tabulae</strong></span> <span class='ocrx_word' id='word_1_89' title='bbox 576 1774 702 1839; x_wconf 74' lang='lat' dir='ltr'><strong>votivae</strong></span> <span class='ocrx_word' id='word_1_90' title='bbox 739 1772 861 1839; x_wconf 88' lang='lat' dir='ltr'><strong>dieitur</strong></span> <span class='ocrx_word' id='word_1_91' title='bbox 892 1771 986 1855; x_wconf 76' lang='grc' dir='ltr'><strong><em>φωνὰ</em></strong></span> <span class='ocrx_word' id='word_1_92' title='bbox 1024 1769 1195 1851; x_wconf 73' lang='lat' dir='ltr'><strong>denudes.</strong></span> 
     </span>
     <span class='ocr_line' id='line_1_14' title="bbox 93 1890 1197 1973; baseline -0.002 -14"><span class='ocrx_word' id='word_1_93' title='bbox 93 1892 150 1960; x_wconf 80' lang='lat' dir='ltr'><strong>Vs.</strong></span> <span class='ocrx_word' id='word_1_94' title='bbox 176 1897 206 1961; x_wconf 90' lang='lat' dir='ltr'><strong>l.</strong></span> <span class='ocrx_word' id='word_1_95' title='bbox 242 1914 329 1959; x_wconf 90' lang='lat' dir='ltr'><strong>nune</strong></span> <span class='ocrx_word' id='word_1_96' title='bbox 363 1892 530 1959; x_wconf 75' lang='lat' dir='ltr'><strong>emendavi</strong></span> <span class='ocrx_word' id='word_1_97' title='bbox 559 1891 641 1973; x_wconf 81' lang='grc' dir='ltr'><strong><em>οῖπερ</em></strong></span> <span class='ocrx_word' id='word_1_98' title='bbox 661 1890 785 1958; x_wconf 69' lang='grc' dir='ltr'><strong><em>ἐννέπω.</em></strong></span> <span class='ocrx_word' id='word_1_99' title='bbox 834 1890 922 1960; x_wconf 88' lang='lat' dir='ltr'><strong>Olim</strong></span> <span class='ocrx_word' id='word_1_100' title='bbox 943 1892 1069 1957; x_wconf 87' lang='lat' dir='ltr'><strong>minore</strong></span> <span class='ocrx_word' id='word_1_101' title='bbox 1090 1903 1197 1958; x_wconf 87' lang='lat' dir='ltr'><strong>muta·</strong></span> 
     </span>
     <span class='ocr_line' id='line_1_15' title="bbox 93 2010 1197 2105; baseline -0.002 -24"><span class='ocrx_word' id='word_1_102' title='bbox 93 2016 181 2081; x_wconf 90' lang='lat' dir='ltr'><strong>tione</strong></span> <span class='ocrx_word' id='word_1_103' title='bbox 200 2013 294 2081; x_wconf 87' lang='lat' dir='ltr'><strong>litera</strong></span> <span class='ocrx_word' id='word_1_104' title='bbox 318 2023 349 2081; x_wconf 87' lang='grc' dir='ltr'>Τ</span> <span class='ocrx_word' id='word_1_105' title='bbox 373 2015 405 2081; x_wconf 89' lang='lat' dir='ltr'><strong>in</strong></span> <span class='ocrx_word' id='word_1_106' title='bbox 430 2013 588 2105; x_wconf 70' lang='lat' dir='ltr'><strong>digamma</strong></span> <span class='ocrx_word' id='word_1_107' title='bbox 616 2013 775 2081; x_wconf 78' lang='lat' dir='ltr'><strong>aeolicum</strong></span> <span class='ocrx_word' id='word_1_108' title='bbox 800 2034 978 2087; x_wconf 75' lang='lat' dir='ltr'><strong>converso,</strong></span> <span class='ocrx_word' id='word_1_109' title='bbox 1003 2010 1091 2103; x_wconf 85' lang='lat' dir='ltr'><strong>qnod</strong></span> <span class='ocrx_word' id='word_1_110' title='bbox 1122 2033 1197 2079; x_wconf 85' lang='lat' dir='ltr'><strong>sae·</strong></span> 
     </span>
     <span class='ocr_line' id='line_1_16' title="bbox 92 2132 1193 2225; baseline -0.001 -25"><span class='ocrx_word' id='word_1_111' title='bbox 92 2135 222 2225; x_wconf 83' lang='lat' dir='ltr'><strong>pissime</strong></span> <span class='ocrx_word' id='word_1_112' title='bbox 242 2135 363 2201; x_wconf 88' lang='lat' dir='ltr'><strong>lactum</strong></span> <span class='ocrx_word' id='word_1_113' title='bbox 386 2158 419 2203; x_wconf 84' lang='lat' dir='ltr'><strong>r.</strong></span> <span class='ocrx_word' id='word_1_114' title='bbox 444 2132 581 2202; x_wconf 76' lang='lat' dir='ltr'><strong>lhrens.</strong></span> <span class='ocrx_word' id='word_1_115' title='bbox 608 2133 691 2202; x_wconf 85' lang='lat' dir='ltr'><strong>Dial.</strong></span> <span class='ocrx_word' id='word_1_116' title='bbox 720 2133 812 2202; x_wconf 76' lang='lat' dir='ltr'><strong>Aeol.</strong></span> <span class='ocrx_word' id='word_1_117' title='bbox 836 2156 870 2223; x_wconf 88' lang='lat' dir='ltr'><strong>p.</strong></span> <span class='ocrx_word' id='word_1_118' title='bbox 891 2138 947 2203; x_wconf 83' lang='lat'><strong>31.</strong></span> <span class='ocrx_word' id='word_1_119' title='bbox 972 2134 1193 2201; x_wconf 83' lang='lat' dir='ltr'><strong>conieceram:</strong></span> 
     </span>
     <span class='ocr_line' id='line_1_17' title="bbox 87 2251 1198 2343; baseline 0.001 -24"><span class='ocrx_word' id='word_1_120' title='bbox 87 2251 149 2321; x_wconf 79' lang='grc' dir='ltr'><strong><em>οῖπε</em></strong></span> <span class='ocrx_word' id='word_1_121' title='bbox 180 2253 319 2321; x_wconf 68' lang='grc' dir='ltr'><strong><em>Ιῖεννῖπω</em></strong></span> <span class='ocrx_word' id='word_1_122' title='bbox 348 2253 386 2321; x_wconf 88' lang='grc' dir='ltr'><strong>αῖ</strong></span> <span class='ocrx_word' id='word_1_123' title='bbox 406 2279 455 2330; x_wconf 68' lang='lat' dir='ltr'><strong>rte</strong></span> <span class='ocrx_word' id='word_1_124' title='bbox 484 2253 601 2336; x_wconf 76' lang='grc' dir='ltr'><strong><em>ῖρνπαο.</em></strong></span> <span class='ocrx_word' id='word_1_125' title='bbox 650 2253 714 2321; x_wconf 86' lang='lat' dir='ltr'><strong>Sed</strong></span> <span class='ocrx_word' id='word_1_126' title='bbox 742 2254 840 2320; x_wconf 81' lang='lat' dir='ltr'><strong>aerbo</strong></span> <span class='ocrx_word' id='word_1_127' title='bbox 871 2253 1005 2322; x_wconf 71' lang='lat' dir='ltr'><strong>delinara</strong></span> <span class='ocrx_word' id='word_1_128' title='bbox 1035 2254 1198 2343; x_wconf 76' lang='lat' dir='ltr'><strong>digamma</strong></span> 
     </span>
     <span class='ocr_line' id='line_1_18' title="bbox 89 2373 1196 2463; baseline 0 -23"><span class='ocrx_word' id='word_1_129' title='bbox 89 2373 209 2441; x_wconf 84' lang='lat' dir='ltr'><strong>addere</strong></span> <span class='ocrx_word' id='word_1_130' title='bbox 228 2396 315 2441; x_wconf 88' lang='lat' dir='ltr'><strong>nunc</strong></span> <span class='ocrx_word' id='word_1_131' title='bbox 337 2398 400 2443; x_wconf 89' lang='lat' dir='ltr'><strong>non</strong></span> <span class='ocrx_word' id='word_1_132' title='bbox 419 2377 534 2442; x_wconf 87' lang='lat' dir='ltr'><strong>ausim.</strong></span> <span class='ocrx_word' id='word_1_133' title='bbox 584 2375 799 2441; x_wconf 86' lang='lat' dir='ltr'><strong>Plurimsrum</strong></span> <span class='ocrx_word' id='word_1_134' title='bbox 817 2374 1097 2452; x_wconf 87' lang='lat' dir='ltr'><strong>coniecturarum,</strong></span> <span class='ocrx_word' id='word_1_135' title='bbox 1123 2375 1196 2463; x_wconf 89' lang='lat' dir='ltr'><strong>qui·</strong></span> 
     </span>
     <span class='ocr_line' id='line_1_19' title="bbox 92 2493 1196 2587; baseline -0.001 -26"><span class='ocrx_word' id='word_1_136' title='bbox 92 2495 152 2562; x_wconf 84' lang='lat' dir='ltr'><strong>bus</strong></span> <span class='ocrx_word' id='word_1_137' title='bbox 183 2497 358 2565; x_wconf 86' lang='lat' dir='ltr'><strong>secundum</strong></span> <span class='ocrx_word' id='word_1_138' title='bbox 387 2507 626 2587; x_wconf 85' lang='lat' dir='ltr'><strong>pentametrum</strong></span> <span class='ocrx_word' id='word_1_139' title='bbox 657 2496 827 2563; x_wconf 73' lang='lat' dir='ltr'><strong>restituere</strong></span> <span class='ocrx_word' id='word_1_140' title='bbox 857 2507 1022 2563; x_wconf 88' lang='lat' dir='ltr'><strong>tentarunt</strong></span> <span class='ocrx_word' id='word_1_141' title='bbox 1051 2493 1171 2563; x_wconf 84' lang='lat' dir='ltr'><strong>eruditi</strong></span> <span class='ocrx_word' id='word_1_142' title='bbox 1186 2544 1196 2575; x_wconf 87' lang='lat'><em>,</em></span> 
     </span>
     <span class='ocr_line' id='line_1_20' title="bbox 91 2615 935 2706; baseline 0.001 -24"><span class='ocrx_word' id='word_1_143' title='bbox 91 2617 214 2705; x_wconf 88' lang='lat' dir='ltr'><strong>optima</strong></span> <span class='ocrx_word' id='word_1_144' title='bbox 237 2620 305 2684; x_wconf 84' lang='lat' dir='ltr'><strong>sine</strong></span> <span class='ocrx_word' id='word_1_145' title='bbox 327 2615 427 2683; x_wconf 90' lang='lat' dir='ltr'><strong>dubio</strong></span> <span class='ocrx_word' id='word_1_146' title='bbox 450 2638 547 2705; x_wconf 82' lang='lat' dir='ltr'><strong>quam</strong></span> <span class='ocrx_word' id='word_1_147' title='bbox 571 2616 709 2706; x_wconf 85' lang='lat' dir='ltr'><strong>protulit</strong></span> <span class='ocrx_word' id='word_1_148' title='bbox 733 2616 935 2684; x_wconf 77' lang='lat' dir='ltr'><strong>Meinekius:</strong></span> 
     </span>
    </p>

    <p class='ocr_par' dir='ltr' id='par_1_4' title="bbox 89 2735 1105 2948">
     <span class='ocr_line' id='line_1_21' title="bbox 270 2735 811 2822; baseline -0.002 -18"><span class='ocrx_word' id='word_1_149' title='bbox 270 2738 519 2822; x_wconf 70' lang='grc' dir='ltr'><strong><em>οἱΈρρκοκλεῖῖα</em></strong></span> <span class='ocrx_word' id='word_1_150' title='bbox 542 2743 584 2804; x_wconf 81' lang='grc' dir='ltr'><strong>ποῖ</strong></span> <span class='ocrx_word' id='word_1_151' title='bbox 608 2735 811 2804; x_wconf 75' lang='grc' dir='ltr'><strong><em>Σαῦλαῖοὶδα.</em></strong></span> 
     </span>
     <span class='ocr_line' id='line_1_22' title="bbox 89 2857 1105 2948; baseline -0.004 -20"><span class='ocrx_word' id='word_1_152' title='bbox 89 2859 249 2948; x_wconf 80' lang='lat' dir='ltr'><strong>Equidem</strong></span> <span class='ocrx_word' id='word_1_153' title='bbox 275 2883 371 2927; x_wconf 85' lang='lat' dir='ltr'><strong>unam</strong></span> <span class='ocrx_word' id='word_1_154' title='bbox 395 2861 521 2928; x_wconf 79' lang='lat' dir='ltr'><strong>literam</strong></span> <span class='ocrx_word' id='word_1_155' title='bbox 542 2884 565 2925; x_wconf 89' lang='grc' dir='ltr'><strong><em>α</em></strong></span> <span class='ocrx_word' id='word_1_156' title='bbox 592 2861 738 2927; x_wconf 81' lang='lat' dir='ltr'><strong>traiicere</strong></span> <span class='ocrx_word' id='word_1_157' title='bbox 762 2859 871 2927; x_wconf 86' lang='lat' dir='ltr'><strong>malim</strong></span> <span class='ocrx_word' id='word_1_158' title='bbox 896 2857 957 2925; x_wconf 89' lang='lat' dir='ltr'><strong>lrac</strong></span> <span class='ocrx_word' id='word_1_159' title='bbox 982 2860 1105 2926; x_wconf 86' lang='lat' dir='ltr'><strong>ratione</strong></span> 
     </span>
    </p>

    <p class='ocr_par' dir='ltr' id='par_1_5' title="bbox 86 2979 1196 3551">
     <span class='ocr_line' id='line_1_23' title="bbox 269 2979 937 3062; baseline 0.004 -18"><span class='ocrx_word' id='word_1_160' title='bbox 269 2980 515 3062; x_wconf 72' lang='grc' dir='ltr'><strong><em>οῖἙρροοκλεῖπω</em></strong></span> <span class='ocrx_word' id='word_1_161' title='bbox 539 2986 581 3046; x_wconf 85' lang='grc' dir='ltr'><strong>ποῖ</strong></span> <span class='ocrx_word' id='word_1_162' title='bbox 606 2979 802 3056; x_wconf 75' lang='grc' dir='ltr'><strong><em>Σαξῖνερῖοὶδα.</em></strong></span> <span class='ocrx_word' id='word_1_163' title='bbox 923 3032 937 3055; x_wconf 88' lang='grc'><strong>.</strong></span> 
     </span>
     <span class='ocr_line' id='line_1_24' title="bbox 89 3097 1195 3192; baseline -0.001 -25"><span class='ocrx_word' id='word_1_164' title='bbox 89 3101 184 3189; x_wconf 75' lang='lat' dir='ltr'><strong>Quod</strong></span> <span class='ocrx_word' id='word_1_165' title='bbox 214 3103 472 3191; x_wconf 77' lang='lat' dir='ltr'><strong>patronymicum</strong></span> <span class='ocrx_word' id='word_1_166' title='bbox 508 3101 699 3168; x_wconf 88' lang='lat' dir='ltr'><strong>llermocliti</strong></span> <span class='ocrx_word' id='word_1_167' title='bbox 727 3103 868 3192; x_wconf 80' lang='lat' dir='ltr'><strong>epatris</strong></span> <span class='ocrx_word' id='word_1_168' title='bbox 894 3103 1024 3169; x_wconf 84' lang='lat' dir='ltr'><strong>nomine</strong></span> <span class='ocrx_word' id='word_1_169' title='bbox 1055 3097 1195 3175; x_wconf 78' lang='grc' dir='ltr'><strong><em>Σαννενῖς</em></strong></span> 
     </span>
     <span class='ocr_line' id='line_1_25' title="bbox 86 3218 1196 3313; baseline 0.002 -24"><span class='ocrx_word' id='word_1_170' title='bbox 86 3235 222 3313; x_wconf 75' lang='grc' dir='ltr'><strong>οσρεῑοε</strong></span> <span class='ocrx_word' id='word_1_171' title='bbox 259 3218 446 3287; x_wconf 74' lang='grc' dir='ltr'><strong><em>Σαϋναῖοῖδα</em></strong></span> <span class='ocrx_word' id='word_1_172' title='bbox 482 3224 621 3287; x_wconf 79' lang='lat' dir='ltr'><strong>correxit</strong></span> <span class='ocrx_word' id='word_1_173' title='bbox 650 3221 773 3289; x_wconf 85' lang='lat' dir='ltr'><strong>Kcilius</strong></span> <span class='ocrx_word' id='word_1_174' title='bbox 804 3220 899 3287; x_wconf 77' lang='lat' dir='ltr'><strong>Anal.</strong></span> <span class='ocrx_word' id='word_1_175' title='bbox 925 3222 1021 3309; x_wconf 72' lang='lat' dir='ltr'><strong>epig.</strong></span> <span class='ocrx_word' id='word_1_176' title='bbox 1056 3244 1091 3310; x_wconf 87' lang='lat' dir='ltr'><strong>p.</strong></span> <span class='ocrx_word' id='word_1_177' title='bbox 1118 3223 1196 3291; x_wconf 84' lang='lat'>118.</span> 
     </span>
     <span class='ocr_line' id='line_1_26' title="bbox 87 3339 1196 3433; baseline -0.006 -21"><span class='ocrx_word' id='word_1_178' title='bbox 87 3367 154 3412; x_wconf 87' lang='lat' dir='ltr'><strong>nnn</strong></span> <span class='ocrx_word' id='word_1_179' title='bbox 192 3340 396 3433; x_wconf 77' lang='lat' dir='ltr'><strong>improbante</strong></span> <span class='ocrx_word' id='word_1_180' title='bbox 424 3339 584 3407; x_wconf 75' lang='lat' dir='ltr'><strong>dhrensio</strong></span> <span class='ocrx_word' id='word_1_181' title='bbox 613 3341 698 3409; x_wconf 83' lang='lat' dir='ltr'><strong>Dial.</strong></span> <span class='ocrx_word' id='word_1_182' title='bbox 724 3341 804 3407; x_wconf 86' lang='lat' dir='ltr'><strong>Dor.</strong></span> <span class='ocrx_word' id='word_1_183' title='bbox 838 3364 872 3429; x_wconf 70' lang='lat' dir='ltr'><strong>p,</strong></span> <span class='ocrx_word' id='word_1_184' title='bbox 896 3342 960 3407; x_wconf 82' lang='lat'><strong>506</strong></span> <span class='ocrx_word' id='word_1_185' title='bbox 985 3364 1034 3429; x_wconf 85' lang='lat' dir='ltr'><strong>aq.</strong></span> <span class='ocrx_word' id='word_1_186' title='bbox 1061 3341 1116 3428; x_wconf 88' lang='lat' dir='ltr'><strong>qui</strong></span> <span class='ocrx_word' id='word_1_187' title='bbox 1136 3362 1196 3406; x_wconf 89' lang='lat' dir='ltr'><strong>nc·</strong></span> 
     </span>
     <span class='ocr_line' id='line_1_27' title="bbox 87 3460 1194 3551; baseline -0.003 -18"><span class='ocrx_word' id='word_1_188' title='bbox 87 3468 174 3533; x_wconf 86' lang='lat' dir='ltr'><strong>mina</strong></span> <span class='ocrx_word' id='word_1_189' title='bbox 198 3463 351 3531; x_wconf 81' lang='lat' dir='ltr'><strong>Boeotios</strong></span> <span class='ocrx_word' id='word_1_190' title='bbox 385 3462 563 3543; x_wconf 73' lang='grc' dir='ltr'><strong><em>Σαόμενοορ</em></strong></span> <span class='ocrx_word' id='word_1_191' title='bbox 585 3474 617 3530; x_wconf 89' lang='lat' dir='ltr'><strong>et</strong></span> <span class='ocrx_word' id='word_1_192' title='bbox 641 3460 837 3544; x_wconf 77' lang='grc' dir='ltr'><strong><em>Σαοκροῖπεος</em></strong></span> <span class='ocrx_word' id='word_1_193' title='bbox 865 3473 1044 3551; x_wconf 87' lang='lat' dir='ltr'><strong>comparat.</strong></span> <span class='ocrx_word' id='word_1_194' title='bbox 1097 3460 1194 3531; x_wconf 63' lang='lat' dir='ltr'><strong>vce</strong></span> 
     </span>
    </p>
   </div>
   <div class='ocr_carea' id='block_1_3' title="bbox 87 3579 1194 3677">
    <p class='ocr_par' dir='ltr' id='par_1_6' title="bbox 87 3579 1194 3677">
     <span class='ocr_line' id='line_1_28' title="bbox 87 3579 1194 3677; baseline -0.004 -24"><span class='ocrx_word' id='word_1_195' title='bbox 87 3591 235 3677; x_wconf 86' lang='lat' dir='ltr'><strong>ineptum</strong></span> <span class='ocrx_word' id='word_1_196' title='bbox 256 3598 327 3656; x_wconf 83' lang='lat' dir='ltr'><strong>est:</strong></span> <span class='ocrx_word' id='word_1_197' title='bbox 352 3583 434 3671; x_wconf 78' lang='grc' dir='ltr'><strong>ᾄοὺ</strong></span> <span class='ocrx_word' id='word_1_198' title='bbox 454 3589 612 3668; x_wconf 78' lang='grc' dir='ltr'><strong><em>χαρεῖσα,</em></strong></span> <span class='ocrx_word' id='word_1_199' title='bbox 638 3606 739 3674; x_wconf 88' lang='lat' dir='ltr'><strong>quum</strong></span> <span class='ocrx_word' id='word_1_200' title='bbox 760 3579 954 3649; x_wconf 76' lang='lat' dir='ltr'><strong>femininum</strong></span> <span class='ocrx_word' id='word_1_201' title='bbox 971 3580 1011 3649; x_wconf 91' lang='lat' dir='ltr'><strong>ad</strong></span> <span class='ocrx_word' id='word_1_202' title='bbox 1030 3581 1194 3666; x_wconf 73' lang='lat' dir='ltr'><strong>Aristum,</strong></span> 
     </span>
    </p>
   </div>
   <div class='ocr_carea' id='block_1_4' title="bbox 87 3698 1194 4159">
    <p class='ocr_par' dir='ltr' id='par_1_7' title="bbox 87 3698 1194 4159">
     <span class='ocr_line' id='line_1_29' title="bbox 88 3698 1191 3794; baseline -0.002 -17"><span class='ocrx_word' id='word_1_203' title='bbox 88 3733 153 3778; x_wconf 88' lang='lat' dir='ltr'><strong>non</strong></span> <span class='ocrx_word' id='word_1_204' title='bbox 179 3707 219 3774; x_wconf 88' lang='lat' dir='ltr'><strong>ad</strong></span> <span class='ocrx_word' id='word_1_205' title='bbox 241 3707 410 3774; x_wconf 89' lang='lat' dir='ltr'><strong>donarium</strong></span> <span class='ocrx_word' id='word_1_206' title='bbox 430 3704 635 3774; x_wconf 79' lang='lat' dir='ltr'><strong>referendum</strong></span> <span class='ocrx_word' id='word_1_207' title='bbox 653 3707 706 3773; x_wconf 88' lang='lat' dir='ltr'><strong>sit.</strong></span> <span class='ocrx_word' id='word_1_208' title='bbox 755 3703 912 3794; x_wconf 72' lang='lat' dir='ltr'><strong>corrige:</strong></span> <span class='ocrx_word' id='word_1_209' title='bbox 935 3698 958 3786; x_wconf 77' lang='grc' dir='ltr'><em>ᾧ</em></span> <span class='ocrx_word' id='word_1_210' title='bbox 979 3704 1018 3771; x_wconf 80' lang='grc' dir='ltr'><strong>σὺ</strong></span> <span class='ocrx_word' id='word_1_211' title='bbox 1041 3711 1191 3789; x_wconf 76' lang='grc' dir='ltr'><strong><em>χαρεῖσα.</em></strong></span> 
     </span>
     <span class='ocr_line' id='line_1_30' title="bbox 87 3823 1194 3918; baseline -0.005 -21"><span class='ocrx_word' id='word_1_212' title='bbox 87 3830 231 3899; x_wconf 81' lang='lat' dir='ltr'><strong>Verbum</strong></span> <span class='ocrx_word' id='word_1_213' title='bbox 251 3836 389 3911; x_wconf 72' lang='grc' dir='ltr'><strong><em>χαρῆναι</em></strong></span> <span class='ocrx_word' id='word_1_214' title='bbox 413 3828 453 3896; x_wconf 93' lang='lat' dir='ltr'><strong>de</strong></span> <span class='ocrx_word' id='word_1_215' title='bbox 476 3828 539 3895; x_wconf 86' lang='lat' dir='ltr'><strong>diis</strong></span> <span class='ocrx_word' id='word_1_216' title='bbox 565 3828 690 3896; x_wconf 88' lang='lat' dir='ltr'><strong>dictum</strong></span> <span class='ocrx_word' id='word_1_217' title='bbox 712 3827 769 3918; x_wconf 90' lang='lat' dir='ltr'><strong>qui</strong></span> <span class='ocrx_word' id='word_1_218' title='bbox 798 3826 944 3893; x_wconf 75' lang='lat' dir='ltr'><strong>victimas</strong></span> <span class='ocrx_word' id='word_1_219' title='bbox 971 3824 1021 3891; x_wconf 82' lang='lat' dir='ltr'><strong>rel</strong></span> <span class='ocrx_word' id='word_1_220' title='bbox 1041 3823 1127 3892; x_wconf 83' lang='lat' dir='ltr'><strong>done</strong></span> <span class='ocrx_word' id='word_1_221' title='bbox 1146 3825 1194 3893; x_wconf 91' lang='lat' dir='ltr'><strong>lu·</strong></span> 
     </span>
     <span class='ocr_line' id='line_1_31' title="bbox 88 3944 1194 4040; baseline -0.006 -21"><span class='ocrx_word' id='word_1_222' title='bbox 88 3953 200 4019; x_wconf 84' lang='lat' dir='ltr'><strong>bentes</strong></span> <span class='ocrx_word' id='word_1_223' title='bbox 226 3951 390 4040; x_wconf 88' lang='lat' dir='ltr'><strong>accipiunt</strong></span> <span class='ocrx_word' id='word_1_224' title='bbox 419 3962 476 4016; x_wconf 90' lang='lat' dir='ltr'><strong>aut</strong></span> <span class='ocrx_word' id='word_1_225' title='bbox 502 3948 698 4018; x_wconf 81' lang='lat' dir='ltr'><strong>donantibus</strong></span> <span class='ocrx_word' id='word_1_226' title='bbox 728 3948 862 4038; x_wconf 86' lang='lat' dir='ltr'><strong>piopitii</strong></span> <span class='ocrx_word' id='word_1_227' title='bbox 896 3959 994 4026; x_wconf 89' lang='lat' dir='ltr'><strong>sunt,</strong></span> <span class='ocrx_word' id='word_1_228' title='bbox 1020 3944 1194 4012; x_wconf 86' lang='lat' dir='ltr'><strong>illustrarit</strong></span> 
     </span>
     <span class='ocr_line' id='line_1_32' title="bbox 88 4064 1194 4159; baseline -0.007 -17"><span class='ocrx_word' id='word_1_229' title='bbox 88 4073 253 4142; x_wconf 85' lang='lat' dir='ltr'><strong>Bentleiur</strong></span> <span class='ocrx_word' id='word_1_230' title='bbox 277 4069 315 4137; x_wconf 83' lang='lat' dir='ltr'><strong>sd</strong></span> <span class='ocrx_word' id='word_1_231' title='bbox 341 4070 422 4140; x_wconf 84' lang='lat' dir='ltr'><strong>Gall.</strong></span> <span class='ocrx_word' id='word_1_232' title='bbox 449 4070 489 4138; x_wconf 86' lang='lat' dir='ltr'><strong>ir.</strong></span> <span class='ocrx_word' id='word_1_233' title='bbox 511 4073 588 4138; x_wconf 76' lang='lat'><strong>417.</strong></span> <span class='ocrx_word' id='word_1_234' title='bbox 615 4094 647 4159; x_wconf 91' lang='lat' dir='ltr'><strong>p.</strong></span> <span class='ocrx_word' id='word_1_235' title='bbox 664 4072 743 4137; x_wconf 84' lang='lat'><strong>302.</strong></span> <span class='ocrx_word' id='word_1_236' title='bbox 766 4066 819 4135; x_wconf 88' lang='lat' dir='ltr'><strong>ed.</strong></span> <span class='ocrx_word' id='word_1_237' title='bbox 839 4067 961 4135; x_wconf 82' lang='lat' dir='ltr'><strong>Blomf.</strong></span> <span class='ocrx_word' id='word_1_238' title='bbox 1010 4064 1099 4133; x_wconf 88' lang='lat' dir='ltr'><strong>ldem</strong></span> <span class='ocrx_word' id='word_1_239' title='bbox 1117 4066 1194 4134; x_wconf 84' lang='lat' dir='ltr'><strong>red·</strong></span> 
     </span>
    </p>
   </div>
   <div class='ocr_carea' id='block_1_5' title="bbox 86 4189 1190 4285">
    <p class='ocr_par' dir='ltr' id='par_1_8' title="bbox 86 4189 1190 4285">
     <span class='ocr_line' id='line_1_33' title="bbox 86 4189 1190 4285; baseline -0.004 -24"><span class='ocrx_word' id='word_1_240' title='bbox 86 4194 226 4263; x_wconf 88' lang='lat' dir='ltr'><strong>dendum</strong></span> <span class='ocrx_word' id='word_1_241' title='bbox 248 4206 360 4285; x_wconf 88' lang='lat' dir='ltr'><strong>poetae</strong></span> <span class='ocrx_word' id='word_1_242' title='bbox 382 4193 439 4282; x_wconf 92' lang='lat' dir='ltr'><strong>qui</strong></span> <span class='ocrx_word' id='word_1_243' title='bbox 462 4191 600 4281; x_wconf 78' lang='lat' dir='ltr'><strong>Syringa</strong></span> <span class='ocrx_word' id='word_1_244' title='bbox 624 4192 753 4281; x_wconf 64' lang='lat' dir='ltr'><strong>scripsit</strong></span> <span class='ocrx_word' id='word_1_245' title='bbox 781 4190 821 4259; x_wconf 78' lang='lat' dir='ltr'><strong>d.</strong></span> <span class='ocrx_word' id='word_1_246' title='bbox 845 4192 883 4259; x_wconf 87' lang='lat' dir='ltr'><strong>P.</strong></span> <span class='ocrx_word' id='word_1_247' title='bbox 907 4189 977 4257; x_wconf 81' lang='lat' dir='ltr'><strong>XV.</strong></span> <span class='ocrx_word' id='word_1_248' title='bbox 1003 4211 1032 4258; x_wconf 88' lang='lat' dir='ltr'><strong>c.</strong></span> <span class='ocrx_word' id='word_1_249' title='bbox 1052 4191 1108 4259; x_wconf 85' lang='lat'><strong>21.</strong></span> <span class='ocrx_word' id='word_1_250' title='bbox 1138 4191 1190 4259; x_wconf 83' lang='lat' dir='ltr'><strong>te.</strong></span> 
     </span>
    </p>
   </div>
   <div class='ocr_carea' id='block_1_6' title="bbox 0 0 1424 4936">
    <p class='ocr_par' dir='ltr' id='par_1_9' title="bbox 0 0 1424 4936">
     <span class='ocr_line' id='line_1_34' title="bbox 0 0 1424 4936; baseline 0 0"><span class='ocrx_word' id='word_1_251' title='bbox 0 0 1424 4936; x_wconf 95' lang='lat' dir='ltr'><strong> </strong></span> 
     </span>
    </p>
   </div>
  </div>
 </body>
</html>
