2828 4936
542 281 722 342 ..27-

89 477 284 543 meutoeat,
310 463 396 556 quod
416 467 484 533 eiua
504 466 600 556 plane
621 480 656 535 ut
673 465 848 557 Meleagri,
873 465 1036 560 Philippi,
1060 468 1186 538 Strato·

86 591 161 668 nia,
187 585 362 678 agathiae,
384 588 441 678 qui
463 587 581 678 singuli
603 585 831 678 anthologiam
852 587 1091 664 condiderunt.
1116 593 1186 681 epi·

89 720 265 801 grammata
288 729 422 776 numero
441 709 578 798 plurima
599 708 638 776 ad
656 732 713 776 noa
733 723 971 799 pervenerunt,
993 709 1033 776 ad
1056 725 1185 779 uantum

90 829 337 920 quinquaginta.
381 830 472 917 Quae
492 829 636 896 reraibua
657 831 734 896 aetia
763 828 926 920 eleganter
948 829 1089 897 conditio
1109 834 1188 898 aori·

90 961 167 1041 pta,
192 948 249 1017 aed
270 947 444 1017 admodum
465 952 555 1016 tenui
585 947 680 1017 leude
699 950 846 1040 poeticae
875 948 1037 1018 facultatis
1058 963 1114 1018 aut
1137 954 1188 1020 in·

87 1070 175 1160 gerii
207 1069 315 1138 festivi
346 1068 488 1137 ornanda
517 1071 570 1137 rix
592 1081 683 1138 tanto
712 1091 848 1139 numero
874 1085 997 1139 narratu
1027 1068 1187 1153 laimunt,

90 1191 153 1259 niai
183 1188 318 1258 aliunde
346 1190 447 1281 idque
469 1190 571 1282 ipaiua
600 1206 715 1281 poetae
741 1211 839 1281 opera
869 1192 909 1257 iia
937 1192 1080 1281 quaerita
1108 1207 1189 1260 earet

91 1306 342 1378 commendatio.
389 1309 553 1378 Palladiae
568 1313 655 1380 anim
677 1310 774 1403 longe
791 1311 934 1400 plurima
956 1313 1098 1380 earmina
1119 1336 1137 1379 a
1157 1336 1190 1381 re

91 1431 213 1522 aeripta
246 1430 464 1522 Anthologiae
496 1432 668 1500 inaeruiaae
700 1430 843 1503 ridetur.
897 1429 982 1500 Octo
1022 1433 1092 1501 eiua
1119 1435 1190 1523 epi·

88 1561 266 1644 grammata
290 1551 323 1618 ia
343 1551 491 1620 Gauium
513 1563 679 1620 mortuum
698 1554 817 1642 acripta
841 1551 1008 1620 examital
1032 1551 1189 1644 cephalae

90 1669 217 1741 addidit
239 1670 475 1763 aepuleralibua
493 1671 578 1753 vn,
601 1673 794 1742 681-689.

135 1791 174 1862 ln
194 1791 474 1883 Epigrammaturu
497 1791 695 1884 Florilegio,
719 1793 820 1861 altera
842 1794 1057 1886 Anthologiae
1077 1808 1188 1887 parte,

92 1912 206 1982 ultimo
235 1935 424 2004 reponerem
456 1913 529 1980 loeo
562 1915 705 1980 earmina
727 1913 824 1981 huiur
852 1917 1059 2004 argumenti,
1081 1917 1189 2006 primo

96 2057 173 2104 aero
187 2036 418 2128 epigrammata
438 2035 589 2121 βιωφελῆ
611 2033 740 2126 aliaque
761 2057 845 2129 quae
863 2037 1012 2127 auperiur
1034 2035 1068 2103 in
1088 2058 1188 2104 unum

93 2157 257 2249 coegimua
279 2156 426 2238 librum,
446 2157 504 2249 qui
533 2157 701 2226 unirerrua
720 2179 785 2225 uno
803 2156 901 2225 titulo
923 2164 1115 2241 Σαμαοκτῶν
1138 2161 1190 2227 in·

89 2277 279 2378 aigaiendua
306 2278 449 2348 ridetur.
496 2278 746 2370 ttpipanmaria
770 2290 877 2345 autem
902 2277 1074 2369 biologieia
1100 2301 1191 2346 com·

89 2398 207 2469 medua
226 2412 359 2492 paratur
389 2399 542 2468 tramitae
574 2399 617 2465 ab
646 2399 914 2489 Inscriptionilrua
946 2399 986 2465 ad
1018 2401 1190 2490 Epigram-

89 2533 198 2601 mata,
222 2541 327 2611 quum
348 2517 411 2587 lroe
437 2521 708 2610 epigrammatum
734 2541 834 2609 genua
861 2520 1040 2610 antiquitat
1067 2519 1109 2586 ab
1131 2520 1188 2588 lu·

91 2640 323 2735 rcriptiouilrue
352 2662 418 2708 non
445 2640 547 2707 fuerit
573 2640 755 2708 seiunctum
767 2687 777 2720 ,
800 2638 887 2730 quod
911 2640 1075 2708 uonnallia
1098 2662 1188 2708 oem-

90 2762 249 2855 probatur
267 2762 541 2854 inscriptionum.
568 2783 651 2854 quae
680 2759 852 2844 βοαφοοαῒς
879 2758 1059 2839 dicendae,
1082 2782 1190 2831 exem·

91 2883 168 2975 plia.
213 2884 297 2953 Vere
319 2886 405 2952 enim
427 2883 644 2976 lliogenianua
664 2883 697 2949 in
721 2881 969 2951 Prororbioruna
991 2880 1184 2953 Prooemio:

90 3006 118 3074 al
135 3003 286 3088 tropaea
307 3001 368 3072 ὅσα
390 3009 562 3089 moremati
587 3003 742 3089 εὕρισκον,
765 3007 874 3070 ταῦτα
899 3001 986 3070 aare
1015 3003 1188 3088 λεωφόρους

90 3125 175 3203 ὀδοὺς
190 3125 382 3210 ἀνέγραφον.
406 3123 485 3194 tr'lrra
505 3125 560 3192 arel
576 3127 621 3192 τοὶ
639 3132 700 3193 τῶν
719 3131 832 3209 Σοφῶο
847 3124 1091 3210 ααοφδὲγματα
1108 3143 1189 3206 γοα·

91 3248 201 3325 adriam
230 3251 314 3328 φασι
341 3245 396 3311 καὶ
423 3245 468 3311 τοὶ
497 3247 700 3328 Πυθαγορικοὶ
729 3245 1007 3328 παραγγέλματα.
1065 3247 1191 3333 Quibua

92 3365 296 3460 Pythagorae
315 3366 496 3456 praeceptis
518 3363 689 3454 significari
718 3365 869 3432 ridentur
888 3367 997 3457 plurea
1016 3389 1189 3451 rerauurn,
1332 3382 1336 3389 “

94 3513 131 3559 ex
150 3488 270 3581 quibua
297 3491 405 3571 χρυσοῖ
429 3485 631 3578 Pythagorae
652 3486 713 3564 ira
736 3487 899 3568 conllata,
923 3486 1044 3578 aliique
1072 3488 1191 3581 quibua

94 3610 228 3681 llariodi
248 3609 356 3702 Opera
374 3621 407 3678 et
428 3610 503 3679 Dies
522 3610 585 3677 iam
605 3621 730 3677 mature
746 3622 840 3677 aucta
860 3622 946 3680 aunt.
983 3611 1084 3678 Erant
1103 3615 1190 3680 euim

94 3732 341 3824 inreriptionuru
367 3732 449 3800 aliae
469 3732 575 3799 aoluta
596 3732 741 3800 oratione
770 3731 931 3823 acriptae,
953 3730 1068 3804 Schol.
1093 3732 1190 3804 llum.

95 3853 159 3925 od.
182 3852 262 3920 Vlll
274 3903 283 3933 ,
308 3856 386 3922 351.
417 3852 454 3919 al
477 3852 510 3918 ἕν
532 3857 673 3937 Δελφοῖς
699 3853 916 3936 ἐπίγραμμα·
948 3852 1077 3935 ἐγγύα,
1102 3852 1191 3937 πάρα

93 3974 212 4050 utra,
231 3986 266 4041 et
283 3985 406 4040 caetera
428 3986 598 4065 praecepta
612 3974 956 4067 reptemSapientam,
980 3998 1012 4045 r.
1030 3976 1124 4045 Paua.
1136 3974 1188 4054 X,

96 4098 152 4166 at.
178 4100 210 4166 l.
242 4096 276 4165 in
299 4093 460 4164 reatibulo
479 4094 591 4188 templi
612 4095 763 4187 llelplrici
784 4099 927 4188 scripta,
952 4098 1033 4164 aliae
1050 4095 1191 4162 diatioho

96 4216 236 4291 inclusae
248 4230 285 4285 ut
294 4217 450 4287 sententia
462 4216 494 4285 in
507 4218 685 4310 propylaeo
700 4218 813 4309 templi
824 4218 945 4287 lleliaoi
958 4217 1042 4308 apud
1056 4218 1190 4288 arietet.
