2828 4936
689 226 891 289 ..160-

239 424 423 493 martuum‚
457 427 489 481 et
526 415 744 482 dulcissimum
778 417 973 505 epigramma
1009 415 1198 483 amatorium
1237 417 1279 484 d.
1302 411 1338 487 1¹.

137 530 141 535 ¹
239 536 325 616 XII,
354 540 431 604 tar.

324 658 439 732 Ἕλκος
459 656 540 740 ἔχων
560 659 575 723 d
599 656 694 735 ξεῖνος
718 655 906 723 ἐλάνθανεν·
929 661 968 733 ὡς
992 658 1111 741 άνιηρδν

415 782 543 860 πνεῦμα
564 777 616 844 διά
636 777 768 854 στηίίαν
788 775 869 854 εἶδες
892 777 1098 860 άνηγάγετο,

326 900 360 967 ad
379 900 480 984 τρίτον
500 895 576 979 ἡνίκ’
596 897 704 975 ἔπινε,
728 899 773 966 τά
792 899 823 965 δὲ
843 898 915 982 ρ’ίδα
933 902 1200 985 φυλλοβολεῦντα

414 1020 539 1104 τάνδρὸς
562 1022 620 1088 άπ’
640 1020 819 1102 ίστλίγγαν
842 1020 937 1088 πάντ’
961 1021 1100 1102 ἐγένοντο
1123 1024 1246 1105 χαμαί.

322 1143 463 1218 ὤππηται
487 1142 576 1223 μέγα
599 1140 635 1221 δη
658 1164 708 1210 τι·
731 1143 782 1224 μά
804 1142 976 1225 δαίμονας,
1001 1145 1056 1209 οὐκ
1077 1144 1141 1210 άπδ
1160 1148 1279 1227 ρὐσμοῦ

413 1263 547 1346 εἰκάζω,
572 1265 671 1349 φωρὸς
695 1264 722 1330 δ’
745 1262 835 1346 ίγνιοι
857 1265 926 1348 φὼρ
950 1262 1073 1344 ἔμαθον.

231 1387 269 1455 In
290 1408 354 1477 quo
386 1410 432 1457 va.
456 1392 488 1455 4.
513 1387 621 1476 recepi
650 1385 870 1452 coniecturam
897 1378 1025 1454 'Ottonia
1059 1385 1252 1454 Schneideri
1273 1380 1336 1455 ain*

231 1507 410 1589 ίστλίγγιιν
431 1530 491 1597 pro
512 1530 577 1598 quo
600 1509 634 1572 in
660 1506 772 1575 eodiae
800 1507 918 1598 legitur
944 1508 1008 1574 άπὸ
1031 1507 1220 1590 στομάτοιν,
1245 1509 1336 1600 apud

231 1631 431 1699 Athenaeum
464 1630 528 1697 άπὸ
562 1628 739 1714 στεφάνων.
794 1630 886 1716 Quod
919 1631 988 1721 ipse
1027 1631 1105 1699 olim
1144 1631 1335 1699 restitutum

230 1751 343 1828 volui,
369 1750 454 1816 haud
480 1748 580 1816 dubie
611 1748 823 1816 reiieiendum
849 1765 918 1829 est,
944 1751 997 1818 aed
1025 1754 1125 1818 miror
1152 1751 1336 1820 Schneides

230 1895 300 1939 rum
329 1872 392 1938 hoe
424 1870 570 1937 acerbius
600 1884 712 1938 natare
745 1871 916 1952 maluisse,
945 1894 1043 1962 quam
1076 1897 1158 1963 quae
1187 1873 1228 1941 de
1258 1896 1334 1942 rere

229 1995 369 2060 lectione
400 1992 595 2060 restituenda
636 2015 681 2061 aa.
706 1965 787 2060 ’.δἐι
818 1999 851 2060 3.
884 2015 1071 2059 monueram
1110 2008 1237 2061 assensu
1273 2017 1334 2062 aua

229 2114 438 2206 comprobare
459 2138 565 2205 neque
584 2127 747 2204 tamquam
769 2113 890 2181 indicta
905 2116 1176 2204 praetermittere.
1209 2116 1248 2182 In
1272 2139 1335 2184 suo

189 2248 195 2265 ¹
228 2260 343 2328 genere
373 2235 560 2303 admirabile
590 2248 637 2301 est
669 2234 756 2301 aliud
786 2236 981 2326 epigramma
1020 2236 1210 2326 inscriptum
1245 2258 1333 2303 eon·

229 2360 307 2427 ahee
336 2383 352 2424 e
382 2358 497 2427 Selene
529 2357 649 2424 Veneri
678 2359 831 2446 Equestri
856 2355 1044 2438 dedicatae,
1081 2359 1113 2423 in
1140 2380 1205 2446 quo
1240 2357 1334 2425 tecua

227 2482 429 2548 suavissimus
452 2491 484 2546 et
510 2477 718 2545 nitidissimus
741 2479 781 2545 de
803 2478 947 2557 nautilo,
980 2480 1036 2568 qui
1063 2500 1135 2544 aum
1158 2480 1229 2569 ipse
1256 2482 1333 2570 epi·

227 2614 403 2693 grammate
420 2601 473 2667 hic
493 2598 703 2690 apponendu's
724 2611 772 2665 est
793 2613 826 2666 et
848 2598 1075 2688 corrigendas:

316 2722 443 2805 Κάγχος
467 2722 529 2801 ε’γὼ
553 2725 701 2804 Ζεφυρῖτι
725 2720 980 2804 παλαίτερον·
1004 2721 1095 2787 άλλά
1117 2721 1157 2787 σὺ
1181 2725 1233 2788 νῦν
1253 2748 1299 2803 με

405 2842 503 2925 Κύπρι
525 2841 699 2917 Σεληναίης
717 2839 839 2923 άνάεμοι
862 2849 1002 2926 πρῶτον
1025 2840 1111 2925 ἔχεις

315 2963 480 3032 ναυτίλον·
504 2961 536 3038 ὃς
552 2961 749 3042 πελάγεσσιν
769 2963 941 3039 ἐπέπλεον,
967 2964 993 3029 ai
1016 2964 1074 3043 μὲν
1092 2964 1213 3040 άῆπαι,

403 3084 508 3160 τείνας
531 3082 645 3152 οἰκείων
664 3089 781 3169 λοιῖφος
804 3085 869 3151 άπδ
892 3083 1063 3167 προτόνων,

315 3209 340 3274 εί
363 3207 395 3274 δὲ
418 3206 578 3287 γαληναίη
601 3208 718 3290 λιπαρὴ
735 3207 818 3282 θεὸς,
845 3203 933 3281 οὖλος
957 3204 1085 3289 ἐρέσσων
1145 3266 1148 3273 .

403 3327 498 3394 ποσσί
517 3351 576 3403 νιν,
602 3324 689 3393 ὥστ’
713 3324 807 3411 ἔργον
830 3325 967 3407 τοῦνομα
989 3325 1204 3411 συμφέρεται·

313 3451 347 3515 ἐκ
367 3449 393 3515 δ’
413 3448 522 3516 ἔπεσον
544 3448 632 3532 παρά
653 3450 736 3524 ίῖνοις
760 3448 931 3524 Ἰουλίδας,
956 3444 1037 3532 άφροι
1060 3445 1201 3530 γένωμαι

402 3571 450 3637 σοί
471 3592 502 3637 τι
525 3570 731 3651 περίσκεπτον
753 3569 918 3650 παίγνιον,
940 3565 1101 3650 Ἀρσινόη,

310 3689 389 3771 μηδέ
410 3714 462 3770 μοι
483 3689 515 3756 ἐν
534 3687 711 3775 θαλάμησιν
732 3689 772 3757 ἔθ’
791 3692 831 3765 ὥς
848 3686 962 3769 πάρος,
988 3689 1052 3768 εἶμί
1076 3688 1139 3772 γάρ
1159 3686 1275 3767 άπνους

400 3812 546 3888 τίκτηται
567 3821 716 3897 νοτερῆς
740 3811 809 3877 ὤεον
829 3808 992 3887 άλκυάνης.

310 3931 446 4001 Κλεινίου
465 3930 557 4001 άλλά
576 3929 706 4014 θυγατρὶ
727 3930 806 3997 δίδον
825 3927 942 4014 χάριν·
965 3927 1028 3998 οἶδε
1047 3932 1111 4014 γάρ
1131 3933 1230 3999 ἐσάλά

400 4054 493 4138 ῥέζειν
513 4054 565 4120 καί
588 4050 730 4135 Σμύρνης
751 4053 835 4119 ἐστίν
858 4053 916 4118 άπ’
937 4052 1085 4129 Αἰολίδος.

220 4178 319 4245 Verre
341 4179 446 4268 primo
477 4196 536 4265 pro
564 4174 753 4258 παλαίτερον
774 4173 990 4256 8οίνιιοὶιίοιυε
1021 4176 1180 4245 correxit:
1213 4175 1320 4246 πάλαι
