2828 4936
565 210 770 273 -105-

125 394 167 460 de
203 413 295 458 causa
333 390 411 457 haec
444 392 611 482 inscriptio
639 407 753 484 poetae
783 394 964 462 abiudicata
993 398 1046 466 sit.
1094 395 1157 463 Sed
1185 398 1223 464 ad

124 513 256 601 ἐρωτικά
281 525 368 580 recta
390 513 524 580 relatum
546 535 673 582 carmen
694 516 811 604 Hedyli
832 517 885 597 V,
910 537 940 587 c.
960 520 1036 590 161.

213 637 404 727 Εύφρῶκαί
430 633 510 710 Θαίς
533 637 587 703 καί
607 637 737 713 Βοίδιον,
762 639 796 705 αἱ
816 637 985 720 Διομήδους

305 763 435 839 γραῖαι,
459 759 677 841 ναυκλήρων
700 755 861 834 ὁλκάδες
885 758 1086 842 είκύσοροι,

209 873 308 954 'Aoo
331 878 384 943 καί
408 882 601 961 Κλεοφῶντα
623 878 676 944 καὶ
700 878 913 962 Ἀνταγόραν,
937 877 979 946 ἕν’
1001 879 1142 957 ἑκάστη,

303 997 464 1077 γυμνούς,
489 1003 631 1077 ναυαγῶν
654 987 803 1077 ἥσσονας,
828 998 999 1080 ἐξέβαλον·

212 1117 303 1186 άλλὸι
322 1118 378 1186 σὺν
398 1119 513 1193 αὐτοῖς
535 1119 622 1194 νηυσί
642 1120 686 1186 τά
705 1120 857 1207 λρστρικά
875 1129 932 1197 τῆς
953 1120 1135 1205 Ἀφροδίτας

301 1238 467 1322 Φεύρετε·
492 1241 639 1322 Σειρύνιον
658 1237 730 1307 αίδε
747 1240 811 1325 γάρ
834 1242 1022 1325 ε’χύράτεραι.

118 1359 158 1427 In
186 1360 313 1428 verbis:
336 1361 513 1442 ναυκλήρου
540 1359 670 1436 ὁλκάδες
698 1360 840 1445 είκύσοροι
863 1360 1059 1453 explicandis
1083 1362 1164 1428 mire
1187 1385 1221 1430 sc

117 1491 282 1547 torserunt
309 1481 368 1546 riri
396 1480 507 1562 docti,
543 1503 682 1573 quorum
710 1482 873 1551 Brodaeus
902 1504 978 1550 soce
1005 1482 1146 1566 είκύσοροι
1170 1504 1222 1550 re·

116 1602 201 1691 spici
217 1602 343 1692 putarit
361 1600 400 1667 ad
422 1613 601 1670 amatorum
619 1625 811 1686 numerum,
838 1628 916 1695 quas
936 1604 1125 1671 admiserint
1148 1626 1218 1672 me·

117 1723 272 1802 natrices,
290 1745 407 1813 easque
427 1724 561 1813 navigiis
580 1725 786 1815 comparari,
811 1737 848 1792 ut
868 1739 1009 1794 amantes
1022 1726 1218 1817 remigibus,

117 1846 244 1912 notarit
261 1842 437 1914 lacobsinr.
474 1846 542 1934 Ego
558 1867 635 1912 sero
656 1845 816 1935 Apidem,
843 1845 1076 1938 cleophontem
1098 1860 1131 1914 et
1151 1849 1220 1917 An·

119 1978 263 2054 tagorom
281 1964 448 2031 naucleros
471 1964 568 2030 fuisse
592 1977 673 2054 puto
697 1967 786 2033 naris
806 1966 979 2052 είιιοσίρου,
1004 1991 1083 2058 quas
1103 1969 1153 2035 rel
1175 1970 1221 2036 sio

119 2086 212 2153 bonis
244 2086 389 2155 exuerint
412 2086 610 2153 meretrices.
658 2089 748 2173 Quae
770 2089 926 2155 sententio
961 2089 1087 2157 restitui
1111 2103 1218 2181 potest

118 2209 261 2298 scripto:

298 2336 408 2413 γραῖαι
431 2329 618 2412 νανκλιίρους
641 2328 772 2406 ὁλκάδος
795 2329 945 2413 είκοσίρου

298 2449 436 2530 γυμνούς
456 2448 620 2531 ἐξέβαλον.

117 2570 270 2640 Eiusdem
288 2593 364 2639 raro
385 2569 503 2661 Hedyli
524 2573 692 2663 inscriptio
712 2573 932 2653 άναύιρματικύ
956 2573 1039 2639 inter
1060 2574 1218 2664 epigram·

115 2705 202 2761 mata
224 2690 355 2775 ἐρωτικά
375 2691 456 2759 falso
480 2691 579 2762 relata
603 2705 650 2760 ert
673 2714 702 2758 c.
726 2696 801 2760 199.

208 2809 298 2889 Οίνος
318 2812 371 2880 καί
392 2794 556 2896 προπόσεις
581 2813 806 2893 κατεκοίμισαν
830 2813 1039 2891 Ἀγλαονίκιιυ

295 2933 330 3000 αἱ
352 2932 454 3001 δίλιαι
478 2934 531 3001 καί
551 2932 622 3017 ἔρως
643 2934 715 3013 ἡδύς
735 2934 750 3000 ὁ
773 2931 981 3018 Νικαγύρεοι,

208 3053 242 3130 ἧς
262 3052 350 3136 παρά
371 3053 498 3135 Κύπριδι
522 3059 631 3122 ταῦτα
652 3057 757 3140 μύροις
783 3055 829 3124 ἔτι
849 3052 959 3124 πάντα
980 3053 1125 3136 μυδῶντα

297 3181 415 3240 κεῖνται
434 3175 601 3256 παρθενίων
621 3177 704 3257 ὁνρὸι
723 3174 855 3261 λάφυρα
878 3174 995 3252 πύύοιν,

206 3292 352 3361 σάνδαλα
373 3294 424 3360 καί
449 3292 617 3373 μαλακαί,
642 3301 771 3374 μαστῶν
795 3292 1016 3373 ἐνδύματα,
1039 3295 1148 3377 μίτραι

295 3411 390 3482 ύπνου
410 3413 463 3481 καί
487 3419 635 3494 σκυλμῶν
657 3421 717 3481 τῶν
736 3413 808 3481 τίτε
832 3413 998 3496 μαρτύρια.

112 3539 180 3607 Ubi
202 3560 249 3605 rs.
270 3543 289 3603 5
314 3537 438 3604 scribe:
466 3534 637 3616 ἐνδύματα.
687 3533 755 3602 Nec
774 3534 814 3600 ab
839 3535 926 3601 omni
953 3547 1046 3624 parte
1066 3538 1216 3607 ernenda-

114 3673 165 3725 tae
189 3632 270 3726 driae
301 3660 548 3749 inscriptiones,
579 3657 721 3725 eiusdem
748 3670 785 3723 ut
815 3656 940 3724 ridetur
963 3657 1105 3747 Hedyli,
1132 3683 1216 3750 quae

113 3781 198 3848 hano
227 3781 272 3846 ln*
293 3778 487 3870 Anthologia
518 3778 708 3870 Meleagrica
733 3779 997 3868 subsequuntur,
1035 3779 1120 3871 apud
1153 3780 1213 3850 (le-

114 3902 241 3993 phalom
262 3903 300 3966 V.
328 3902 406 3968 200.

205 4030 243 4090 ‘0
269 4021 391 4103 κρύκος,
417 4019 448 4087 οί
466 4049 500 4087 τε
526 4024 696 4105 μύροισιν
721 4022 766 4088 ἔτι
788 4022 941 4094 πνείοντες
962 4018 1109 4097 'claffone

295 4142 351 4208 σὺν
370 4142 494 4223 μίτραις
520 4151 624 4211 κισσοῦ
651 4143 769 4210 κυάνεοι
791 4143 939 4224 στέφανοι
