2828 4936
528 248 733 311 -159-

84 431 181 497 uidae
203 432 288 498 anim
316 433 511 523 epigramma
542 432 715 499 simulacro
738 436 830 502 Panis
854 435 1071 524 subscriptum
1096 434 1188 502 Lati·

83 576 126 621 na
149 553 308 619 convertit
334 552 522 641 Propertius
542 552 614 631 lll,
642 557 696 624 11.
722 558 777 624 41.
803 555 969 645 complura
990 555 1053 621 alia
1078 554 1187 625 imita·

82 676 174 742 tiouc
188 697 333 766 orprassa
352 672 565 741 reddiderunt
581 674 636 740 alii
649 677 917 766 epigrammatum
937 688 1074 768 poetas,
1099 676 1187 766 quod

80 799 117 864 in
142 797 204 863 hoc
228 818 291 862 uno
318 807 416 886 pocta
439 795 626 886 saepissima
649 797 770 865 iactum
796 797 914 868 rideas.
962 799 1010 865 lla
1035 795 1186 866 Callima-

35 962 44 973 -
80 917 147 985 cho
185 916 271 984 idam
309 928 437 985 constat
467 939 504 983 cr
539 917 645 984 tarbis
680 917 778 984 Plinii
807 918 911 1010 Epist.
932 917 992 987 IV.
1017 921 1053 1003 3.
1101 918 1187 985 »lta

78 1052 170 1107 carte
198 1061 270 1110 sum
292 1039 437 1107 refectus
467 1040 537 1129 ipse
550 1087 559 1119 ,
592 1060 665 1109 cum
694 1040 815 1108 Graeca
850 1039 1079 1130 epigrammata
1108 1051 1185 1120 tua,

77 1183 158 1229 cum
180 1160 304 1228 iambos
321 1160 372 1227 ibi
386 1161 532 1251 proxime
555 1160 715 1250 legeram:
742 1173 900 1250 quactum
930 1160 979 1228 ibi
1001 1159 1188 1228 humanita-

77 1285 143 1363 tis,
178 1284 375 1350 venustatis!
401 1305 498 1373 quam
523 1281 633 1349 dulcia
666 1282 745 1357 illa,
776 1306 873 1373 quam
901 1281 1058 1372 antiqua,
1090 1304 1186 1371 quam

76 1400 217 1496 arguta,
241 1426 338 1494 quam
368 1408 476 1471 ractal
502 1402 738 1472 Callimachum
761 1428 814 1473 ma
836 1404 887 1472 rol
909 1403 1072 1474 Harudum
1093 1401 1185 1470 tal
1160 1425 1186 1471 ar

75 1525 158 1617 quid
181 1525 233 1593 hir
251 1523 392 1606 molius,
417 1535 527 1592 tenera
552 1524 764 1593 eradebamss’
789 1524 947 1593 Martialis
966 1525 1036 1606 IV,
1060 1526 1118 1595 23.

219 1645 304 1712 Ilum
329 1657 365 1711 tu
389 1643 475 1711 lanta
500 1646 597 1712 nimis
621 1645 743 1736 diuqua
768 1648 896 1737 quaeris

218 1770 275 1856 qui
298 1768 423 1858 primus
446 1766 509 1832 tibi
534 1768 646 1857 quista
669 1768 711 1834 sit
735 1767 893 1835 sccundus

83 1918 86 1923 ·
217 1888 352 1955 Graium
373 1891 486 1976 quisve
509 1889 715 1976 Epigramma
738 1887 939 1979 comparabit

217 2008 356 2099 palmam
382 2007 598 2077 Callimachus
622 1979 735 2076 Ttialia
758 2009 798 2077 de
822 2033 855 2076 aa

217 2130 357 2198 facundo
382 2129 472 2199 dedit
495 2130 565 2219 ipsa
587 2131 759 2199 Brutiano.

219 2252 331 2338 Quiri
356 2249 515 2341 Cecropio
537 2264 625 2319 satur
649 2251 759 2342 lapara

217 2373 380 2441 Romanae
402 2372 468 2440 sale
491 2371 603 2439 luserit
627 2372 790 2439 Miaarrac

218 2493 267 2560 illi
291 2516 342 2561 mc
367 2493 465 2559 facias
489 2514 604 2583 precor
629 2491 819 2561 secuudum.

75 2616 123 2683 ttt
140 2637 215 2682 rane
239 2616 265 2681 si
287 2627 421 2705 propter
442 2637 598 2681 summam
624 2615 656 2680 iu
681 2611 875 2681 celebrando
894 2611 1037 2679 lacinorc
1061 2613 1186 2701 magui·

76 2736 146 2802 fico
168 2735 411 2826 simplicitatem
445 2760 572 2805 summo
593 2738 663 2803 iura
685 2735 880 2803 admiramur
899 2734 1097 2825 epigramma
1122 2754 1185 2823 pu-

78 2858 203 2925 blicam
227 2856 402 2925 Simonidis
422 2860 454 2924 iu
475 2857 649 2950 Spartanos
673 2859 706 2926 iu
721 2856 945 2946 Thermopylis
967 2855 1086 2923 occisos
1107 2876 1185 2923 con·

76 2980 237 3071 scriptum
254 2978 336 3048 hoc:

172 3096 194 3166 ὦ
217 3097 292 3178 ξεῖν’
314 3099 491 3181 ιὶγγέλλειν
514 3101 772 3182 Λακεδαιμονίοις
795 3098 843 3167 ira
865 3099 942 3185 τᾷδε

264 3222 394 3302 κείμεθα
416 3228 482 3296 τοῖς
506 3223 647 3288 κιίιιιι”
633 3224 751 3304 palpator
773 3220 969 3300 πειθόμενοι,

78 3343 159 3411 lruic
188 3365 375 3462 comparare
405 3343 507 3409 ausim
534 3342 566 3408 in
590 3343 718 3411 diverso
739 3365 857 3469 gauere
880 3339 1074 3409 Callimachi
1093 3338 1183 3405 diati-

79 3463 192 3534 chon.

172 3584 321 3662 δωδεκὲιιι
343 3586 398 3653 τὸν
420 3583 527 3652 cotta
547 3585 651 3666 πατὴρ
675 3583 811 3660 similans
835 3582 991 3666 Φίλιππις

232 3702 236 3715 ”
264 3704 369 3777 totta
392 3709 448 3784 riv
471 3708 595 3783 rrotaia
617 3705 733 3772 tracus
756 3703 929 3780 Νικιτὲλιιι

82 3828 125 3898 Δ.
147 3828 185 3897 Ρ.
208 3828 294 3909 Vll,
321 3832 399 3899 453.
423 3842 455 3896 ct
480 3851 511 3897 c.
535 3833 613 3897 451.

171 3949 249 4036 τᾷδε
273 3948 365 4019 Briau
387 3951 403 4015 ὅ
427 3951 560 4026 Alamos
583 3948 743 4024 Ἀκάνθιος
766 3949 842 4032 lapda
865 3946 958 4016 tauro

265 4075 434 4152 κοιμᾶται·
459 4071 599 4138 datianam
622 4073 666 4150 uir
690 4069 768 4150 λέγε
792 4070 864 4144 τοὺς
886 4067 1036 4149 clauditis.

81 4186 388 4262 lta'suarissimum
429 4207 475 4261 est
506 4196 717 4285 epigramma·
742 4196 774 4260 in
809 4192 1007 4260 Heraclitum
1046 4183 1185 4257 amioum
