2828 4936
551 237 755 300 -151-

107 432 195 490 sunt.
253 418 365 507 Neque
392 419 498 486 οίοιδῶν
531 418 570 487 de
593 417 756 490 chorentis
785 423 1086 513 interpretandum,
1120 425 1206 515 qnod

106 537 290 609 Disseniurn
312 540 423 607 fecisse
448 540 564 621 tideo,
590 542 644 608 sed
666 543 706 610 de
728 546 855 633 poetis,
881 544 1000 634 quibus
1021 545 1207 613 solemniter

104 662 175 732 fare
196 662 296 746 σοφία
326 662 494 731 tribuitur.
542 661 607 730 Sed
627 687 691 730 non
724 686 823 730 unnrn
855 678 983 755 poetam
1016 665 1207 755 Antigeuern

104 784 163 852 seri
193 780 329 851 ehornrn
364 804 494 872 qunque
523 781 686 852 dedicasse
712 784 896 876 tripodem,
922 800 958 852 ut
979 785 1100 853 tantuna
1125 809 1208 876 qno·

105 927 172 997 qne
201 929 218 972 a
249 903 349 971 ebore
380 903 644 972 Garthaeensiurn
670 918 702 973 et
734 906 955 995 Bacchylide,
986 906 1207 976 demonstrant

106 1024 226 1092 rubas
250 1017 278 1111 οδ
299 1061 345 1072 -
364 1025 506 1103 ίιὶκαντο.
555 1026 746 1115 Antigonen]
765 1049 840 1093 raro
859 1027 1056 1118 dithyrambi
1079 1042 1206 1118 poetam

103 1147 204 1214 fuisse
235 1143 352 1212 docent
382 1168 490 1211 versus
511 1146 688 1213 Simonidis
712 1145 752 1212 de
780 1170 813 1214 se
834 1148 866 1212 in
897 1149 1128 1238 epigrammate
1154 1170 1208 1214 au·

103 1268 217 1357 purius
237 1264 430 1334 emendator

197 1386 286 1471 αμφὶ
310 1387 495 1472 διδασκαλίρ
513 1387 544 1454 δὲ
568 1387 721 1472 Σιμωνίδρ
739 1386 852 1455 ἕσπετο
877 1389 965 1464 κῦδος

260 1564 263 1568 .
287 1508 528 1587 ὀγδωκονταέτει
551 1508 638 1575 ταιδί
661 1509 876 1593 Λεωπρέπεος.
992 1570 999 1581 .

106 1627 201 1716 Quod
242 1641 368 1698 tautum
399 1629 436 1695 ad
467 1627 710 1717 dithyrambum
742 1643 887 1721 spectare
922 1643 1041 1722 potest.
1089 1630 1209 1700 confer

106 1749 229 1820 Athen.
247 1751 299 1830 V,
327 1754 387 1818 181
415 1753 454 1821 Β.
485 1750 627 1832 κιιίίλουΙ
645 1751 677 1818 δὲ
697 1752 840 1836 διάφορος
860 1750 938 1831 ἦνῆ
964 1754 1096 1832 μουσικίρ
1121 1754 1209 1837 ταροδ
1276 1728 1282 1741 .

102 1879 169 1949 τοῖς
195 1872 354 1950 Ἕλλασι,
386 1879 447 1940 τῶν
467 1873 525 1953 μὲν
552 1873 719 1949 Ἀθηναίων
746 1874 819 1948 τοὺς
849 1875 1068 1951 Διονυσιακοὺς
1099 1876 1209 1959 χοροὺς

103 1994 321 2079 προτιμώντων
353 1993 503 2069 καὶτοὺς
528 1994 695 2069 κυκλίους,
728 1996 922 2079 Συρακοσίων
943 1996 975 2062 δὲ
997 1997 1070 2072 τοὺς
1096 1997 1210 2077 ίαμβι-

103 2114 197 2191 sads.
223 2116 307 2185 Max.
333 2117 410 2205 Tyr.
427 2116 515 2196 v11,
548 2140 583 2207 p.
602 2117 659 2186 76.
689 2117 787 2183 καλὸν
809 2116 868 2197 μὲν
895 2118 1149 2199 Λακεδαιμονίοις
1172 2120 1208 2186 τὸ

104 2237 295 2321 ἐμβατήριοι
318 2237 415 2304 καλὸν
438 2237 470 2303 δὲ
497 2236 669 2314 Ἀθαναίοις
697 2239 733 2304 τὸ
757 2238 892 2305 κύκλιον.
941 2239 1076 2307 Versum
1107 2241 1209 2331 septi·

92 2364 196 2427 'ruunt
213 2371 247 2426 at
264 2372 412 2425 netarum
434 2380 497 2425 non
517 2371 597 2448 puto
617 2360 658 2425 ab
677 2361 764 2425 omni
779 2374 871 2450 parte
887 2383 979 2427 sanos
997 2384 1103 2451 nequa
1120 2374 1209 2429 rente

106 2491 232 2549 sanates
251 2488 343 2547 esse:
371 2503 443 2546 narn
468 2479 554 2570 quod
580 2481 736 2572 Bargiius
765 2481 905 2547 coniecit
928 2481 1085 2565 Δωριεύς,
1110 2482 1143 2549 tt
1168 2485 1209 2550 ab

104 2604 177 2694 ipso
202 2601 408 2669 coniecturas
437 2614 569 2668 auctore
596 2598 782 2668 dubitanter
808 2602 1034 2692 propositum,
1058 2625 1117 2670 use
1135 2627 1210 2672 sane

106 2722 241 2808 Δωριεδι
264 2725 406 2806 Ἀργεῖος
425 2722 502 2790 ferri
523 2736 642 2814 potest.
690 2722 745 2788 Vs.
768 2723 821 2790 10.
845 2736 1034 2812 corruptum
1056 2725 1126 2792 sins
1149 2724 1209 2792 du·

106 2844 184 2915 bine
209 2841 348 2927 ίίρμασιν
368 2845 400 2910 ἐν
420 2844 577 2928 Χαρίτων,
604 2838 692 2935 ι’ριιοιί
720 2843 873 2933 singulari
897 2867 1031 2912 numero
1062 2845 1209 2917 dicturus

108 2964 222 3033 fuisset
246 2977 354 3055 poeta.
404 2964 575 3032 Goniinio:

560 3085 699 3166 οίνκοίσιν
723 3088 754 3152 ἕν
774 3087 913 3170 Χαρίτων
931 3091 1083 3172 φορνίείς.

108 3205 268 3296 Compara
291 3205 477 3274 Stratonem
508 3207 548 3274 Δ.
571 3206 607 3275 Ρ.
626 3206 689 3273 XII
700 3254 710 3286 ,
736 3210 815 3277 200.
840 3213 874 3277 3.
906 3207 959 3274 καί
982 3210 1045 3289 μὶνν
1072 3211 1124 3278 καί
1156 3213 1210 3281 τδν
1248 3220 1263 3266 ’-

104 3324 155 3396 ὅτ’
176 3323 263 3395 ἐστίν
282 3327 316 3394 ἐν
338 3324 479 3407 οίνκοίσιν
501 3325 572 3393 etet
596 3324 747 3402 ίὲλοντα,
779 3338 814 3392 et
840 3325 879 3393 ad
903 3327 1093 3395 sententiam
1114 3330 1208 3402 Pind.

106 3448 204 3523 Nem.
221 3440 273 3530 V,
299 3452 354 3517 il.
389 3450 461 3524 ίεᾶι
477 3445 668 3528 ,Εὐθύμενες
695 3448 798 3522 Νίκας
828 3447 861 3513 ἐν
890 3449 1066 3528 ἀγκώνεσσι
1097 3456 1210 3520 πιτνίνν

106 3571 255 3639 τοικίλων
282 3567 428 3651 ἔψαυσας
459 3567 570 3650 ίίμνων.
604 3567 724 3639 Rhian.
748 3569 789 3637 Δ.
813 3569 849 3637 Ρ.
870 3569 955 3649 XII,
982 3573 1059 3640 121.
1084 3587 1116 3641 et
1142 3574 1208 3643 Me-

107 3692 208 3784 leagri
231 3692 278 3761 ib.
300 3693 376 3760 122.

193 3810 249 3879 Ὦ
272 3811 404 3896 Χάριτες
421 3813 473 3879 riu
492 3812 589 3879 καλὸν
611 3809 836 3895 Ἀρισταγίρνν
858 3811 1028 3890 ε’ςιδοδσαι,

292 3935 395 4002 οίντίον
418 3935 462 4009 είς
486 3933 643 4020 τρυφεραο
666 3934 881 4014 ἦνκαλίσασίε
905 3934 1015 4018 χέρας.

108 4055 165 4128 Vs.
189 4058 227 4122 11
254 4066 287 4122 et
317 4058 368 4128 12.
394 4055 511 4123 iniurin
536 4080 595 4147 pro
620 4055 800 4123 subditieiis
824 4053 920 4123 habet
944 4055 1212 4126 Schneidewinus

110 4176 164 4245 sed
189 4177 317 4268 scripsit
342 4189 458 4266 poeta:
