2828 4936
679 247 860 309 ..96-

219 434 249 501 in
276 458 321 503 rs.
346 442 381 500 ll
409 433 571 524 probabili
595 436 779 500 coniectura
802 435 970 500 restituere
993 437 1111 523 possis:

393 551 451 620 ris'v
474 579 509 620 τε
532 556 672 637 ψιλάδριρ
693 554 933 635 ἀπεψιλωμένον
956 556 1076 620 dorsis.

214 677 259 745 Ut
286 699 354 741 ossa
384 674 544 741 denudate
571 675 743 749 dieantur.
768 687 804 740 ut
833 690 931 765 eaput
959 674 1118 764 psilothro
1142 674 1310 763 epilatum.

211 796 275 864 Sed
305 797 439 863 fortasse
469 798 568 862 satius
600 798 640 862 sit
668 795 719 861 his
745 819 877 861 manum
907 796 1080 862 abstinere.
1136 796 1211 862 Atia
1242 818 1313 861 cer-

212 920 252 983 tis
275 918 343 985 fere
371 915 651 984 emendationibus
677 916 719 980 ab
743 917 930 982 Hermanno
951 929 984 981 et
1011 916 1174 982 Meinebio
1203 931 1313 983 sanata

210 1053 309 1118 sunt,
334 1052 371 1105 ut
401 1039 552 1104 ultimum
582 1036 759 1106 distichon.
804 1037 869 1104 Ubi
893 1036 1017 1106 codex:
1049 1038 1114 1104 αἰὲν
1137 1062 1245 1103 roaros
1267 1040 1312 1121 σῷ

207 1160 423 1242 μεμνημένος,
447 1157 543 1243 ἄχρις
565 1161 677 1242 ὅμιλῑις
698 1158 795 1240 ζιιιῑς,
820 1157 856 1236 ἐξ
875 1157 937 1234 aine
959 1157 1125 1242 ἤρμάνισιις
1145 1158 1311 1239 καλάμης.

208 1283 396 1351 Hermanno
418 1282 578 1349 debetur:
613 1282 674 1346 aiei
698 1286 789 1347 τσῦτσ
812 1280 867 1363 νόῳ
891 1307 929 1360 μ.
943 1331 956 1356 ,
986 1295 1111 1348 caetere
1133 1282 1313 1351 Meinekia.

208 1405 304 1472 Vol
341 1404 441 1471 codex
467 1405 603 1484 ὤνθρωπε
636 1401 723 1493 quod
752 1402 932 1470 bleinekins
955 1407 989 1470 in
1020 1406 1204 1471 roeatirum
1236 1403 1313 1493 plu·

207 1524 306 1591 niem
336 1525 485 1591 mutarit.
533 1523 618 1589 Hnie
641 1545 717 1588 rero
742 1522 952 1600 adversatur,
984 1523 1070 1615 qaod
1102 1548 1176 1591 mor
1204 1526 1311 1615 sequi-

206 1660 282 1713 tur:
316 1642 410 1727 άνερ,
444 1659 572 1711 utnon
605 1643 899 1727 dubitandnmsit
934 1648 1014 1734 quin
1053 1648 1086 1710 in
1125 1648 1309 1712 universum

207 1766 291 1833 banc
314 1767 505 1832 sententiam
528 1765 568 1830 de
594 1763 782 1830 bominibus
812 1766 1027 1832 enuntiaverit
1059 1780 1168 1855 poeta.
1213 1767 1311 1835 Unde

205 1890 402 1978 pentametri
430 1886 552 1962 rerba,
584 1885 640 1950 nbi
669 1885 791 1955 codex:
818 1884 896 1966 ὕψος
923 1889 953 1950 τ’
979 1887 1053 1967 ἠέρα
1078 1889 1130 1951 zai
1156 1914 1182 1951 ν.
1207 1889 1310 1953 corri-

205 2009 322 2100 genda.
379 2009 447 2077 Ubi
471 2008 655 2076 Iaeobsius:
690 2009 780 2089 ὑψσῑς
814 2008 911 2089 ἠέρα,
947 2009 1148 2077 bleinekius:
1179 2010 1308 2089 ὑψσῦσό’

204 2129 278 2212 ἠέρα
297 2130 361 2202 κείς
385 2128 535 2212 νεφέλας.
586 2127 679 2214 Quod
709 2128 747 2193 ad
772 2151 899 2194 sensum
926 2130 1165 2206 rectissimum,
1197 2131 1240 2195 ab
1268 2131 1309 2196 ti-

207 2267 347 2316 terarnm
375 2250 527 2317 ductibus
555 2250 689 2339 propius
714 2250 805 2315 abest
830 2248 1009 2316 Hermanni
1031 2250 1222 2317 insontum:
1248 2253 1308 2333 κάν

204 2370 353 2455 νεφέλαις.
404 2371 467 2457 Qui
492 2372 654 2460 integrum
683 2369 845 2436 distichon
878 2372 1000 2436 sanarit
1028 2373 1173 2458 scripto:
1197 2370 1308 2453 άνδριι-

204 2517 255 2559 ποι
278 2532 324 2542 -
347 2492 573 2574 sasantinae
593 2493 653 2557 κάν
680 2492 830 2575 νεφέλαις.
886 2491 949 2560 Sed
980 2492 1021 2559 de
1055 2493 1189 2558 caeteris
1221 2492 1306 2560 idem

205 2616 254 2678 rir
278 2614 481 2679 doctissimus
509 2636 623 2702 parurn
648 2613 831 2701 probabilia
856 2627 889 2677 et
919 2611 1011 2678 raldo
1040 2612 1200 2678 mirabilia
1223 2638 1306 2704 pro-

207 2735 297 2802 tulit.
344 2736 529 2823 Utrumque
551 2747 659 2800 autem
680 2734 843 2801 Leonidae
860 2755 988 2799 carmen
1006 2734 1112 2801 eidem
1133 2734 1235 2824 lapidi
1255 2739 1307 2802 in·

204 2858 361 2946 scriptum
394 2857 494 2921 inisse
522 2869 624 2944 puto,
661 2855 745 2944 qood
774 2857 858 2920 ritae
889 2856 1030 2922 taedium
1056 2871 1195 2946 utroque
1216 2880 1306 2925 eom·

205 2976 369 3043 mendarit
398 2976 598 3067 lectoresque
630 2979 758 3042 iusserit
786 2979 968 3045 meminisse
989 2982 1086 3047 mori.
1132 2981 1190 3046 His
1211 2983 1307 3071 iunge

204 3100 421 3165 merissimam
452 3099 697 3188 inscriptionem
721 3098 833 3165 Persae
868 3098 908 3165 A.
934 3101 971 3166 Ρ.
994 3101 1079 3179 vlt,
1105 3103 1183 3168 730.

383 3341 541 3424 μνρσμένρ
563 3339 674 3422 κσόριιν
696 3341 839 3424 γραπτὸς
862 3341 971 3408 ἔπεστι
993 3343 1092 3418 τύπος

294 3463 478 3541 Νεντίμσνς
502 3459 542 3537 άς
562 3462 598 3539 δή
617 3465 688 3528 ποκ’
707 3464 772 3528 άπὸ
790 3462 905 3543 ψυχάν
921 3463 1067 3543 ε’ρύσιιντσ

383 3581 507 3657 ὠδῖνες,
532 3589 635 3648 κεῖται
654 3582 681 3646 δ’
701 3576 751 3645 oia
770 3582 857 3646 κατὰ
875 3580 1049 3664 βλεφάρων

294 3703 401 3782 sxta·
419 3703 653 3784 πλημμύρσνσιι
673 3701 774 3782 Φίλοις
799 3703 858 3767 ὑπὸ
876 3703 995 3784 ματρὸς
1018 3705 1166 3787 ἀγοστῷ·

385 3824 458 3887 aisti
477 3822 504 3886 δ’
523 3820 740 3901 Ἀριστοτέλης
760 3821 786 3886 δ’
807 3825 861 3888 οὐκ
883 3822 1039 3890 ἀπάνευθε
1062 3828 1166 3907 πατὴρ

292 3940 433 4026 δεξιτερᾷ
451 3941 600 4023 κεφάλάν
624 3941 857 4022 ἐπιμάσσεται·
881 3943 1012 4027 droise
1034 3947 1126 4013 δειλοὶ

383 4061 449 4127 οὐδὲ
470 4060 610 4136 θανόντες
634 4065 689 4130 ἑῶν
708 4064 884 4142 ε’ξελάθεσά
903 4071 1019 4152 άχέιιν.

203 4183 240 4250 Ιιι
268 4206 334 4273 quo
358 4182 511 4250 nonnulla
541 4183 631 4251 aliter
661 4188 844 4256 excudenda
871 4195 993 4260 curari.
1042 4193 1157 4257 Versus
1187 4214 1301 4259 secun·

69 4448 227 4640 Ἴ
