2828 4936
693 267 866 330 ...40-

234 457 322 523 aiboe
344 454 430 521 affini
461 455 665 544 parentarit,
701 456 733 520 iu
757 457 847 520 cuiue
877 454 1009 520 interitu
1043 450 1104 518 lieo
1139 453 1275 519 marimo
1300 477 1335 518 aa

235 574 346 645 dolere
375 575 527 665 ecripait,
561 574 649 665 qnod
681 576 750 665 ipae
786 597 902 666 corpus
935 576 996 639 viri
1033 572 1147 641 mediia
1180 572 1334 639 flactibus

234 697 332 764 mersi
363 720 442 787 roqo
470 694 622 762 mandere
654 717 716 763 non
746 696 913 785 potuerit,
940 693 993 760 aed
1029 693 1078 760 rel
1098 695 1146 759 aic
1174 716 1207 759 ae
1228 693 1335 761 dolori

234 838 292 885 ano
322 836 386 885 non
413 815 581 907 indulgere
613 815 668 882 aed
701 817 861 907 imperare
890 836 996 904 noque
1030 826 1166 905 propter
1195 815 1334 881 aliorum

232 949 372 1007 mortem
390 936 607 1004 calamitosam
627 937 712 1002 vitae
731 935 859 1003 delicias
878 938 1040 1004 omittere.
1089 935 1162 1003 ilua
1179 956 1335 1002 revocan-

233 1057 292 1126 doa
323 1071 404 1151 puto
434 1079 540 1125 verano
570 1056 656 1147 apud
688 1054 899 1125 Plutarchum
922 1056 962 1123 de
985 1055 1072 1129 lud.
1097 1070 1186 1148 poet.
1220 1079 1250 1126 c.
1279 1060 1334 1125 12.

233 1177 332 1248 πάλιν
354 1181 370 1247 ὁ
393 1179 584 1263 Ἀρχίλοχος
607 1180 676 1244 οὐκ.
690 1179 865 1261 ἕποονεῒτοι
895 1178 1089 1258 λυπούμενος
1119 1179 1179 1258 μὲν
1209 1177 1261 1244 ἐπὶ
1290 1181 1335 1259 τῷ

233 1299 317 1383 ἀνδρὶ
338 1308 395 1378 τῆς
414 1299 559 1383 ἀδελφῆς
582 1298 795 1383 δοεφθοορμένῳ
817 1298 904 1367 me
927 1297 1112 1378 teneam,
1136 1291 1202 1382 οἴνῳ
1224 1299 1257 1366 δὲ
1281 1297 1335 1364 καὶ

232 1419 345 1507 παιδιᾷ
364 1418 438 1504 πρὸς
449 1419 517 1495 ⁴‘riae
536 1415 642 1494 λύπην
660 1417 832 1503 μάχεσθαι,
844 1418 1075 1501 διανοούμενος·
1098 1420 1205 1488 eiciar
1216 1419 1335 1498 -μέντοο

233 1540 329 1623 λόγον
347 1539 484 1624 ἔχουσαν
506 1537 643 1621 εἴρηκεν·

323 1660 394 1730 οὔτε
414 1686 445 1729 το
463 1661 528 1744 γὰρ
548 1662 664 1729 aleina
686 1662 813 1741 ἱῆσομοοο
837 1659 909 1728 οὔτε
934 1660 1058 1729 κάκιον.

285 1843 300 1873 Ι
413 1782 679 1865 οῆσωςτεοοτωλοὶς
703 1783 757 1851 eei
780 1784 892 1859 δολίοις
917 1783 1052 1867 ἐφέπων.
1154 1826 1163 1833 ·-

235 1904 333 1975 (lette
356 1907 405 1974 rix
426 1907 533 1996 optino
550 1905 591 1971 ad
610 1905 760 1972 carminis
777 1903 944 1972 exordium
967 1905 1073 1973 redire
1088 1908 1196 1997 potuit
1213 1919 1309 1996 poete
1325 1928 1344 1984 ‚·

234 2029 292 2118 qni
314 2027 403 2096 circe
421 2028 550 2121 monuit
572 2039 610 2094 ut
638 2025 724 2094 idem
750 2027 783 2093 iu
806 2026 896 2094 luctu
929 2006 1035 2095 elieno
1057 2027 1222 2107 lacerent.
1247 2027 1336 2118 quod

233 2148 302 2240 ipae
330 2146 394 2215 eibi
422 2148 455 2214 in
475 2147 588 2215 funere
617 2146 794 2215 domenico
816 2147 976 2237 optimam
996 2145 1274 2227 tantularum,
1298 2161 1336 2222 ut

234 2268 348 2337 animia
376 2292 393 2334 e
421 2281 542 2336 terrore
573 2269 736 2361 receptio,
769 2290 824 2334 ane
856 2269 995 2359 quiaque
1023 2269 1150 2358 negotia
1184 2269 1335 2352 obirent,

234 2391 307 2456 eine
330 2388 468 2481 aliisque
494 2388 742 2457 oblectamentis
763 2399 796 2456 et
820 2388 1042 2480 voluptatibus
1062 2411 1155 2456 curae
1173 2389 1335 2481 pellerent

233 2511 358 2603 totique
386 2534 418 2579 ee
449 2509 488 2577 ad
514 2511 614 2600 ipsine
644 2509 825 2600 exemplam
853 2521 1095 2601 componerent.
1143 2509 1213 2577 lllia
1237 2533 1336 2591 vero,

256 2634 289 2700 ni
314 2634 348 2699 io
368 2633 490 2701 receati
521 2632 711 2699 calamitatis
738 2631 893 2699 memoria
913 2643 946 2696 et
969 2629 1160 2698 dilectorum
1192 2633 1336 2723 capitum

199 2655 393 2821 desiderio
413 2751 555 2818 lacrimis
574 2751 637 2817 eibi
657 2763 689 2817 et
707 2749 811 2816 dolori
835 2749 932 2840 plane
953 2771 1018 2817 non
1043 2764 1230 2842 temperare¹
1244 2775 1337 2844 pesae

232 2872 446 2951 ridebantur,
472 2873 559 2938 omni
580 2892 677 2961 opera
700 2868 913 2938 annitendum
937 2895 1004 2939 esee
1034 2873 1164 2964 scripsit
1183 2871 1338 2941 Archilo-

233 2992 331 3072 chus,
357 3005 393 3061 nt
416 2993 529 3060 animia
547 2993 676 3061 reiectio
702 2993 855 3084 omniqua
880 2991 1033 3061 muliebri
1057 2993 1148 3061 loeta
1180 2993 1336 3076 sublato,

231 3117 317 3182 vireo
344 3113 444 3180 fortae
465 3135 499 3181 ae
520 3126 719 3205 praestarent
752 3112 852 3205 idque
879 3137 918 3182 eo
947 3116 1150 3183 conteuticre
1172 3114 1340 3185 studio-'et

231 3233 346 3304 maiori
369 3233 479 3303 labere
502 3234 685 3303 faciendum
709 3258 775 3303 csse
797 3256 861 3326 quo
885 3234 1049 3302 difficilius
1071 3232 1134 3302 hoc
1153 3236 1260 3324 primo
1285 3237 1338 3304 ei·

231 3356 301 3441 deri
324 3356 425 3449 puerit
449 3356 579 3428 obtata.
626 3357 709 3427 Nem
732 3370 770 3424 ut
789 3358 921 3435 omnia,
946 3378 984 3424 ea
1005 3374 1137 3446 qnoque
1157 3378 1246 3447 quae.
1263 3358 1336 3426 fieri

229 3500 323 3569 pesae
340 3477 495 3568 negabat,
522 3492 557 3545 ot
581 3477 647 3568 ipra
669 3476 748 3545 haec
773 3477 951 3545 triatisaima
972 3475 1203 3565 naufragorum
1223 3500 1334 3559 mere,

231 3599 417 3668 hominibus
445 3599 613 3678 accidant,
639 3601 683 3665 ita
712 3599 753 3664 ab
788 3590 887 3665 altera
911 3608 1003 3688 parte
1027 3595 1111 3665 nihil
1144 3622 1211 3667 esee
1244 3601 1332 3690 qnod

231 3721 329 3789 homo
353 3719 460 3789 studio
490 3735 523 3790 et
548 3721 657 3787 labore
681 3720 836 3809 consequi
870 3729 1021 3809 nequeat.
1069 3720 1140 3788 Hoc
1162 3721 1248 3790 enirn
1281 3745 1334 3791 or·

231 3844 306 3912 dine
338 3856 370 3910 et
394 3843 456 3911 lroc
485 3844 553 3910 lere
585 3865 678 3909 aenea
709 3844 741 3908 in
776 3842 901 3931 integro
933 3842 1074 3912 carmine
1110 3866 1143 3910 ae
1175 3846 1334 3935 excepisse.

231 3966 379 4061 ridentur
402 3965 467 4033 dno
489 3963 664 4032 hexametri
1283 3938 1287 3947 ¹

323 4084 432 4152 meiere
455 4084 540 4168 τύχη
565 4085 617 4155 aei
642 4092 734 4168 μοῖροο
758 4085 922 4166 Περίκλεες
942 4085 1025 4168 ἀνδρὶ
1049 4083 1185 4161 deducio,

230 4207 309 4281 oller
329 4230 428 4279 rere:
