2828 4936
694 242 872 307 ..24-

232 430 297 500 Ubi
315 453 374 521 pro
394 428 560 513 παρίστησι
580 428 663 520 apud
689 429 892 498 Dindorfium
917 426 1033 517 legitur
1053 429 1265 513 resarciebat.

276 549 392 618 Omnia
415 553 507 617 unius
523 550 730 641 eiusdemque
750 550 875 640 generis
895 549 1123 640 epigrammata
1141 549 1326 617 adscriben-

231 668 271 736 da
292 671 427 758 putari,
453 683 488 737 nt
508 669 759 738 demonstrarem
783 672 972 761 paucissima
997 684 1120 738 tantum
1154 670 1249 737 huius
1273 693 1324 737 ar·

229 792 374 880 gumenti
392 793 623 883 epigrammata
645 792 687 859 ab
704 793 941 882 antiquioribus
954 793 1083 883 scripta
1100 789 1195 877 nobis
1212 813 1326 882 super·

229 931 317 985 esse,
343 910 432 989 unde,
452 911 665 1001 probabiliter
684 913 811 980 efficere
833 912 910 980 licet
929 911 992 979 boc
1012 934 1112 1002 genus
1132 912 1238 1003 poesis
1253 913 1327 1003 epi-

227 1032 456 1120 grammaticae
492 1031 696 1098 citerioribus
729 1031 858 1099 demum
897 1033 1099 1124 temporibus
1141 1032 1326 1102 invaluisse.

227 1150 311 1219 Sunt
330 1164 436 1218 autern
470 1153 575 1219 omnia
605 1152 834 1221 contumeliosa
857 1155 1022 1244 magisque
1045 1155 1184 1244 pugnaui
1215 1153 1328 1222 lambo

227 1271 332 1339 affinia
357 1295 452 1362 quam
477 1273 708 1363 epigrammata
740 1274 956 1342 recentiorum
980 1284 1168 1362 poetarum,
1195 1272 1227 1339 in
1251 1275 1326 1364 qui-

227 1393 286 1460 bus
307 1393 415 1460 nullus
442 1395 509 1463 iere
529 1394 617 1461 calor
640 1395 764 1462 antris
793 1395 958 1476 cernitur,
983 1395 1083 1461 animi
1107 1393 1181 1460 odio
1204 1391 1255 1462 rel
1276 1394 1328 1461 iu·

225 1512 412 1604 dignatione
435 1516 586 1585 concitati
612 1515 753 1598 indicia,
770 1516 911 1606 ,saepius
941 1537 1018 1582 vero
1036 1515 1221 1605 aucupium,
1237 1511 1328 1581 dele·

225 1636 375 1703 stationis
390 1635 622 1728 deprehendas.
664 1637 708 1705 Hi
726 1659 800 1704 sane
819 1649 912 1703 acute
931 1635 1026 1702 dictis
1044 1635 1175 1704 student
1194 1647 1226 1703 et
1243 1634 1327 1703 alio‘·

226 1777 299 1825 rum
319 1758 530 1849 exagitatores
547 1758 776 1848 epigrammata
798 1755 867 1823 boc
881 1755 1015 1823 consilio
1035 1755 1199 1845 scripsisse
1216 1754 1329 1823 siden·

225 1890 279 1945 tur
300 1891 337 1946 ut
360 1879 535 1947 lectoribus
565 1878 705 1947 frontem
726 1878 941 1958 extricarent,
967 1900 1032 1944 non
1052 1889 1088 1944 ut
1110 1874 1249 1944 ridendo
1273 1895 1328 1945 re·

226 2020 299 2068 rum
321 1999 467 2068 dicerent
489 2013 544 2068 aut
566 2001 704 2092 insignia
728 1999 767 2066 ad
786 1999 998 2078 ‚irridendum
1020 2000 1097 2066 ritis
1129 1999 1328 2098 perstringe-

225 2135 320 2201 rent,
345 2122 431 2190 unde
464 2124 570 2191 omnia
597 2123 666 2190 fere
688 2123 722 2188 in
744 2122 846 2188 maius
870 2133 963 2188 aucta
986 2133 1019 2189 et
1042 2118 1326 2212 praetermodum

223 2255 423 2333 exaggerata.
466 2243 599 2329 Quibus
615 2241 688 2309 salis
710 2243 859 2309 acumine
879 2246 912 2309 et
930 2241 1141 2309 dicteriorum
1165 2240 1327 2332 elegantia

223 2364 381 2433 multum.
394 2377 536 2455 praestat
561 2365 648 2431 inter
675 2363 837 2432 Romanos
864 2363 1047 2441 Martialis,
1071 2362 1179 2430 sobrio
1199 2364 1231 2430 in
1255 2363 1327 2454 ple·

172 2528 176 2537 .
224 2486 333 2576 risque
361 2485 482 2554 iudicio
505 2509 593 2558 usus.
641 2485 704 2554 Sed
726 2486 777 2552 sel
809 2483 906 2552 huius
928 2486 1061 2577 paginas
1089 2482 1253 2552 hominem
1276 2508 1327 2552 sa·

221 2631 300 2699 pere
326 2609 388 2699 ipsi
412 2608 584 2676 affirmanti
606 2631 670 2674 non
695 2606 887 2674 crediderim
910 2629 1111 2697 aequavero
1132 2629 1259 2674 omnem
1283 2608 1326 2674 li·

221 2728 295 2796 dem
318 2702 534 2819 denegarim.¹
562 2729 627 2798 Sed
652 2728 693 2794 ab
717 2729 954 2818 epigrammatis
986 2729 1143 2798 Martialis
1173 2752 1209 2797 ea
1241 2752 1325 2821 quae

222 2847 319 2916 modo
345 2848 610 2940 perlustravimus
633 2849 674 2913 ab
697 2847 936 2938 antiquioribus
965 2848 1094 2917 Graecis
1123 2852 1243 2941 scripta
1271 2850 1324 2918 di·

221 2983 307 3037 stant
338 2969 452 3037 eodem
484 2970 552 3035 fere
581 2968 681 3059 gradu
711 2991 776 3060 quo
809 2968 973 3036 comoedia
1000 2984 1089 3038 vetus
1115 2972 1323 3053 Atticorum,

222 3089 369 3170 Cratini,
402 3087 572 3179 Eupolidis
602 3103 634 3156 et
657 3089 882 3180 Aristophanis
903 3115 920 3157 a
944 3091 1108 3159 comoedia
1141 3115 1222 3179 nova
1252 3094 1323 3161 Me·

222 3209 336 3280 nandri
356 3222 389 3278 et
413 3209 621 3279 Philemonis.
669 3211 707 3281 ln
733 3213 771 3279 iis
794 3190 901 3302 neque
921 3211 1032 3280 decori
1062 3234 1166 3303 neque
1189 3213 1322 3282 festivae

223 3333 414 3400 urbanitatis
437 3332 539 3398 ullum
563 3332 707 3400 cernitur
736 3333 877 3401 studium
907 3356 969 3407 nes.
995 3335 1078 3401 salsa
1111 3357 1320 3424 personarum

222 3454 399 3522 reverentia
434 3454 609 3521 involucris
640 3447 1014 3535 maledictarelarunt,
1049 3454 1105 3521 aed
1138 3455 1251 3538 nudo,
1286 3469 1324 3525 ut

220 3579 334 3656 aiunt,
359 3578 466 3666 capite
489 3577 660 3643 conviciati
690 3590 777 3645 snat.
825 3577 875 3644 Ita
897 3575 937 3643 de
960 3576 1191 3666 epigrammate
1212 3577 1321 3647 Theo·

222 3697 298 3765 criti
331 3695 406 3764 chii
440 3699 588 3788 superius
620 3699 768 3788 apposito
804 3697 970 3787 aliquanto
1001 3697 1128 3786 aptiore
1162 3699 1323 3767 vocabulo

220 3841 294 3885 usus
324 3817 448 3886 ridetur
476 3817 669 3886 Plutarchus
700 3818 739 3885 de
763 3818 861 3886 Erail,
896 3839 926 3889 c.
950 3821 1003 3887 18.
1050 3820 1268 3902 Ἀριστοτέλην
1289 3821 1320 3887 δὲ

220 3939 411 4024 λελοιδόρηκε
424 3941 489 4008 seri.
516 3961 613 4029 quarn
624 3936 785 4031 Diogenes
798 3914 944 4006 Laertius
957 3989 966 4020 ,
981 3941 1038 4029 qui
1056 3939 1229 4023 ἀπέσκωψε
1242 3944 1322 4009 scri·

222 4065 285 4154 psit
307 4063 355 4143 V,
384 4069 436 4132 lt.
483 4060 556 4129 Non
586 4062 669 4128 enim
695 4058 925 4152 philosophum
959 4060 1198 4130 nobilissimum
1234 4063 1320 4132 deri·

219 4183 358 4251 dandum
378 4179 529 4274 praebuit
551 4180 740 4249 Theocritus
764 4181 818 4248 sed
849 4183 1014 4251 inimicum
1036 4183 1232 4250 conviciatus
1258 4195 1317 4252 est.
