2828 4936
563 238 761 301 -107-

293 424 406 497 αὐλούς
427 423 480 489 καὶ
505 424 624 500 ταύτην
647 425 770 505 πύξινον
794 427 980 504 αὐλοδύκιρν·

201 545 373 629 ἡφύλερας
395 544 521 628 Σατύρν
541 545 573 611 δὲ
596 548 650 612 τὸν
669 545 795 631 ἕσπερον
818 549 1012 632 οἷνοποτύρσν

291 666 480 747 σύγκωμον,
504 669 583 751 κνρῷ
603 666 800 750 ζευξαμένη,
825 668 960 748 δόνακα,

203 789 277 865 ἡδύν
294 798 481 873 συριστιῖρα,
505 789 562 856 σὺν
586 785 609 871 ᾧ
632 791 917 875 πανετύρΦνιος
941 797 987 869 ἠῶ

292 911 465 990 κύγασεν
488 912 624 986 αὐλείοις
648 914 687 978 ού
711 913 897 980 κοτέουσα
919 914 1033 996 θύραις.

111 1030 208 1098 vot
245 1034 430 1110 ταννύλιιιες
469 1031 746 1122 interpretandum
777 1034 903 1101 ridetur
939 1061 960 1100 ιι
972 1057 1106 1127 corpore
1138 1056 1214 1125 pro·

110 1153 211 1219 cero”
243 1176 275 1223 r.
312 1151 451 1242 Hesyoh.
486 1154 618 1231 ἡλικία,
649 1155 780 1235 μέγεθος
818 1157 974 1236 σώματος.
1032 1159 1077 1228 Ut
1108 1157 1214 1224 verbio

111 1272 255 1340 Alexidis
282 1272 414 1354 Χαρθδνς
442 1271 585 1356 ὁμιιιρθς
614 1274 750 1342 laudatis
779 1278 967 1344 Eustathius
996 1301 1030 1368 p.
1055 1282 1154 1345 1554.
1177 1281 1212 1350 2.

110 1394 278 1484 praemisit
300 1393 403 1461 haeoa
433 1392 612 1464 πέπαικταύ
629 1420 688 1464 τινι
716 1398 844 1480 παλαιῷ
867 1399 910 1473 εἰς
929 1395 1049 1464 ἄουτον
1067 1398 1213 1481 βραχυιὶ·

109 1529 187 1581 λικα
205 1516 272 1581 κτὲ.
322 1516 365 1582 Et
393 1516 439 1582 ita
463 1515 624 1585 Reiskius.
672 1517 728 1586 Vs.
746 1521 767 1582 2
791 1518 888 1585 rerba
908 1526 955 1584 M.
977 1518 1096 1586 εύκολοι
1116 1517 1211 1600 ἐρρού-

111 1635 195 1711 τιθες
215 1636 321 1703 minut
342 1648 430 1705 recte
449 1637 607 1727 explicuit
630 1637 817 1704 Iacobsinse
842 1637 1005 1727 simplices
1028 1649 1061 1703 et
1080 1639 1216 1705 minime

110 1759 210 1823 males
235 1758 400 1826 Musarum
428 1759 575 1828 famulae.
624 1758 855 1848 intelliguntur
873 1759 1056 1842 αύλντριθος
1076 1762 1216 1850 pecunia

110 1877 284 1968 parabiles.
327 1879 424 1948 Vno
447 1902 508 1969 pro
534 1883 746 1961 ταχυχειλεῒς
766 1877 917 1946 Reiskins
944 1878 1082 1945 coniecit
1103 1902 1214 1962 παχυ-

109 2008 254 2082 χειλεῖς,
280 2001 334 2066 oui
351 2001 531 2091 praeferam
543 1998 632 2090 quod
645 1997 791 2067 Osannua
808 1998 977 2090 proposuit
989 1998 1086 2067 tuot.
1103 2001 1214 2069 Leric.

109 2144 144 2211 p.
167 2126 244 2191 1⁵4.
264 2128 491 2204 τανυχειλεῒς,
518 2119 628 2212 quales
649 2119 747 2186 tibine
777 2129 851 2185 aunt
879 2130 936 2185 aut
965 2141 1034 2184 esse
1055 2133 1212 2208 possunt,

111 2257 147 2309 nt
168 2265 253 2310 arcs.
301 2242 443 2334 Utrique
465 2253 572 2310 tamen
593 2254 756 2333 praestare
776 2251 911 2331 potem:
933 2239 1135 2322 ταχύχειρας
1154 2242 1214 2308 αύ-

109 2362 195 2439 λούς.
245 2362 398 2432 Conferae
427 2362 592 2431 Pollucem
609 2363 678 2445 lv,
703 2365 759 2430 72.
784 2359 937 2440 οέπθδεξοιι
964 2360 1018 2427 καὶ
1037 2362 1095 2438 τὴν
1113 2363 1213 2439 αύλν-

108 2491 164 2553 τοῦ
182 2487 394 2570 ταχυχειρύαν
412 2487 465 2553 καὶ
484 2485 656 2568 εὐχέρειαν.
704 2484 755 2551 lta
780 2482 920 2550 Telestes
943 2481 1102 2551 Athenaei
1117 2482 1214 2563 xlv,

110 2609 176 2673 617
201 2607 241 2674 Β.
267 2606 422 2673 tibiarum
449 2604 561 2671 leodat
581 2608 718 2684 πνεῦμα
744 2605 878 2683 cyaneo
898 2603 954 2670 σὺν
982 2601 1119 2670 ὠκύτατι
1143 2627 1213 2685 χει-

109 2733 176 2810 ρῶν.
225 2729 319 2800 Vno
343 2751 379 2795 er
401 2727 554 2797 Moinekii
576 2724 800 2793 emendatione
822 2725 959 2816 eleganti
978 2739 1011 2792 et
1038 2749 1110 2793 vera
1136 2727 1213 2791 sori·

108 2851 160 2940 psi
183 2847 365 2931 ζευξαροένιι.
414 2848 522 2916 (lodex
554 2846 741 2928 τευξαροὲνν.
792 2847 914 2916 Ultima
943 2849 1024 2915 mire
1059 2860 1213 2937 corrupta

109 2984 208 3049 sunt,
233 2993 316 3059 quae
334 2969 485 3060 equidem
508 2973 552 3036 ita
570 2971 603 3037 in
625 2972 786 3062 integrum
816 2968 1015 3039 restituenda
1045 2971 1210 3038 existimo:

201 3089 273 3167 ἡδὺν
295 3099 463 3174 συριστῆρα
486 3091 542 3158 σὺν
562 3088 585 3174 ᾧ
605 3092 811 3175 πανεπύρφνι’
835 3095 867 3167 ἐς
887 3096 928 3169 ἠῶ

292 3210 405 3285 νύλιισ’
422 3211 557 3284 αὐλείοις
581 3211 775 3293 ἕνκροτὲουσι
798 3212 913 3294 θύραις.

109 3335 157 3403 Er
180 3328 298 3422 quibus
317 3343 404 3396 certa
428 3328 556 3396 babeo:
583 3328 789 3414 τανεπύρφνι’
813 3332 844 3405 ἐς
865 3334 924 3408 ἠῶ,
950 3332 1136 3406 staunton
1156 3333 1212 3409 ἐν·

110 3452 264 3537 κροτέουσι
277 3450 389 3534 θύραις.
417 3451 469 3518 Ab
488 3449 551 3516 boc
570 3473 633 3516 non
654 3449 796 3517 multum
815 3449 996 3541 discrepat,
1022 3450 1109 3541 quod
1131 3451 1213 3518 Ilor-

111 3574 218 3641 rilline
237 3575 402 3652 coniecit,
428 3595 524 3663 quem
553 3573 735 3640 Brunokius
761 3586 888 3639 secutus
910 3585 986 3668 cett„
1003 3574 1137 3648 αὐλείοις
1158 3573 1213 3654 ἔγ-

112 3695 277 3778 ιιροτέουσα
296 3695 409 3777 θύραις.
457 3693 520 3762 Sed
549 3694 664 3783 Satyra
688 3693 821 3760 tibicina
844 3695 913 3784 ipse
944 3693 1027 3760 fores
1056 3716 1120 3760 non
1140 3692 1214 3786 pul·

112 3817 225 3891 sabat,
250 3814 304 3882 sed
334 3815 578 3883 comissantibus
606 3814 775 3882 iuvenibus
802 3815 936 3882 canebat
962 3815 998 3882 τὸ
1022 3815 1213 3898 θυροκοπικύν

111 3938 229 4016 μέλος,
267 3958 363 4026 qoem
404 3937 554 4002 tibiarum
594 3952 723 4002 centum
765 3952 920 4003 memorat
957 3937 1090 4026 Trypho
1127 3935 1213 4025 apud

112 4058 231 4126 Athen.
252 4058 349 4136 xlv,
376 4083 409 4148 p.
429 4060 494 4124 618
520 4058 558 4127 C.
585 4083 614 4126 v.
644 4059 784 4126 Meinelr.
813 4058 936 4128 lielect.
973 4083 1007 4149 p.
1028 4062 1100 4125 ttt.
1151 4055 1213 4144 Qui

114 4182 216 4247 molto
240 4182 344 4269 aptius
368 4180 431 4246 dici
452 4193 544 4269 putat
571 4181 716 4269 Satyrum
749 4180 1005 4248 adolescentibus
1037 4183 1078 4246 ita
1101 4180 1212 4245 favisse
