2828 4936
605 249 811 314 -aas-
888 323 891 330 ¹

153 467 279 536 codice*
305 468 391 536 euim
423 467 540 558 legitur
573 475 657 537 set
692 427 793 557 ἄντρ’,
824 486 857 539 et
888 491 930 538 ss.
948 472 976 553 Ι2
1014 466 1114 537 ἄλλον
1143 481 1175 537 et
1203 476 1260 538 Σο·

152 594 295 674 Φονλῆς,
317 612 401 681 qnae
423 590 607 666 Brunchius
631 590 793 660 conexit?
833 589 868 660 Si
893 593 1005 660 serum
1024 603 1073 659 est
1094 589 1127 656 lo
1145 586 1258 667 ἅσπερ,

155 713 302 803 sequitur
326 711 512 782 Sosithenm
538 711 675 781 Athenis
707 713 869 806 sepultum
900 713 1022 794 fuisse,
1048 712 1160 804 ibique
1182 733 1261 804 poe·

155 845 221 901 tam
247 832 389 901 dramata
414 836 448 901 in
472 857 600 903 scenam
630 833 753 903 misisse
777 849 900 903 constat
924 859 961 903 es
983 835 1076 927 [ling.
1101 837 1140 906 Ι..
1160 832 1260 914 vul,

157 956 253 1034 173.,
278 954 412 1046 eiusque
442 953 626 1046 sepulcrum
651 957 742 1022 cuius
767 958 864 1048 cippo
893 955 957 1024 hoc
985 978 1113 1024 carmen
1140 956 1261 1023 inseri·

152 1084 247 1165 ptum
273 1074 337 1141 luit
362 1088 449 1141 extra
479 1098 589 1142 muros
608 1051 807 1144 ¹exstructum
837 1078 956 1158 luisse,
982 1075 1154 1169 Sophoclis
1187 1096 1263 1145 rero

152 1187 187 1288 in
209 1196 278 1286 ipsa
308 1194 402 1264 urbe.
450 1195 515 1264 Sed
537 1219 651 1288 parum
683 1197 840 1266 Graecum
868 1197 996 1265 videtur
1018 1198 1078 1266 ἄπ’
1102 1196 1262 1279 antemos

151 1313 309 1399 ἡμετέρων
338 1337 397 1406 pro
425 1338 491 1406 quo
520 1318 676 1408 scriptum
713 1330 842 1410 oportet
874 1319 936 1404 ἀφ’
969 1321 1055 1400 ἡμῶν
1089 1317 1261 1400 elisisset.

151 1435 227 1504 Non
258 1436 342 1503 enim
373 1438 528 1505 assentior
559 1438 683 1506 Naekio
722 1439 778 1530 qui
816 1437 936 1530 0pusc.
962 1439 991 1509 1.
1025 1461 1060 1531 p.
1086 1440 1120 1509 9.
1156 1418 1263 1506 minus

154 1556 314 1626 Graecum
335 1557 461 1657 putarit
477 1554 577 1633 ἄλλος
594 1558 841 1640 ἅπόοὒδοοίμων,
869 1580 1013 1650 quocum
1035 1559 1149 1627 confer
1164 1561 1204 1628 h.
1225 1559 1260 1626 P.

152 1675 224 1757 1x,
252 1675 330 1747 434.
363 1672 408 1753 ele
426 1677 491 1745 olel
514 1684 574 1747 πῶν
597 1686 722 1749 πολλῶν
745 1679 810 1764 siml
840 1679 1059 1766 Συρακοσίων,
1085 1661 1264 1772 ορωοᾶῗοὶωο

152 1796 394 1892 praepositione
407 1798 553 1866 dictum:
580 1805 640 1868 τῶν
662 1807 786 1869 πολλῶν
797 1797 853 1867 ἕνον
871 1803 993 1886 Ἑρμᾶν
1005 1802 1037 1867 in
1052 1800 1151 1870 heth.
1168 1798 1261 1868 Plan.

156 1924 232 1992 192.
260 1923 291 1991 1.
339 1919 403 1989 Sed
425 1943 486 2012 pro
506 1920 660 2006 ἡμετέρων
684 1920 892 1989 scribendum
912 1920 1079 2004 ἡμέτερον,
1105 1933 1141 1988 ut
1165 1918 1262 1989 huius

155 2039 289 2109 distichi
321 2044 362 2109 sit
402 2042 582 2110 sententia:
607 2038 768 2110 »eadem
801 2037 886 2107 cura
916 2039 1059 2110 Sosithei
1100 2041 1261 2110 tumulum

154 2184 337 2253 corpusque
358 2174 432 2251 tego
456 2173 489 2229 et
515 2175 608 2230 tneor
629 2182 698 2254 qua·
715 2160 796 2229 alius
817 2154 1187 2253 fratrnmSophoolom
1202 2164 1262 2232 no·

152 2284 201 2351 bis
231 2279 480 2350 dilectissimum
510 2296 543 2349 et
572 2267 745 2356 maximnm
773 2282 942 2373 poetam.”
984 2254 1028 2351 ln
1055 2284 1165 2374 priore
1188 2305 1262 2351 sen·

154 2404 274 2473 tentiae
294 2417 386 2496 parte
410 2404 561 2471 omissum
583 2417 630 2500 est
649 2403 779 2484 πδοοον,
807 2416 844 2470 ut
868 2404 900 2471 in
923 2403 964 2473 h.
990 2402 1028 2476 Ρ.
1045 2404 1079 2484 Ι,
1107 2410 1160 2474 17.
1192 2405 1261 2473 οὖν·

153 2524 202 2594 irs
228 2523 398 2609 θωνμοὶζονς
422 2524 572 2610 προτέρων
592 2523 681 2601 κλέος
703 2564 749 2575 -—
767 2523 912 2594 asserito
939 2550 997 2612 περ
1020 2525 1110 2602 κῦδος
1133 2531 1261 2595 Ἰονλοοο·

156 2654 209 2726 νῆς
232 2644 463 2731 πνννπδφρονορ.
486 2645 544 2716 xl.
572 2648 648 2716 131.

159 2776 164 2783 '
246 2764 311 2835 οὔτ’
334 2768 386 2836 ἐπὶ
411 2767 625 2844 Δευκαλίωνος
649 2764 724 2851 ὕδωρ
748 2763 800 2836 ise
823 2766 920 2835 πάντ’
943 2769 1071 2849 ἐγενήθη

337 2869 399 2957 ott’
418 2889 433 2956 l
453 2889 661 2974 νωποοπρνὶοοος
684 2889 756 2965 ποὺς
776 2889 828 2956 ἐπὶ
848 2896 911 2970 γῆς
935 2889 1077 2967 Φοιέθων,

245 3009 418 3094 ἀνθρώπους
438 3008 571 3078 ἔκτεινεν
595 3005 681 3086 ὅσους
705 3002 1060 3091 novapetrensis.
1166 3024 1177 3045 t

154 3126 293 3198 Theoor.
314 3128 384 3212 tx,
409 3133 466 3198 34.
499 3131 562 3220 hp.
587 3128 652 3199 Rh.
671 3129 726 3210 ΙΙ,
753 3135 831 3199 612.
869 3130 1036 3199 Sositheus
1065 3147 1172 3199 antem
1200 3144 1261 3199 tra·

153 3247 283 3342 qoedias
303 3250 431 3341 scripsit
450 3233 640 3338 et'satyrica
658 3249 819 3324 dramata,
845 3263 877 3319 et
899 3252 1015 3340 tragici
1032 3251 1165 3342 quidem
1181 3274 1262 3344 poe·

155 3370 330 3439 taalaudes
353 3369 537 3462 complexus
556 3383 604 3437 est
630 3369 834 3438 Dioscorides
856 3392 902 3437 rs.
919 3368 1025 3448 1-5',
1052 3358 1262 3460 quibuscum

156 3493 295 3563 alterum
320 3492 515 3586 Sophoclem
541 3489 622 3559 dixit
645 3487 754 3582 poclm
801 3488 865 3559 Sed
888 3489 964 3559 inde
991 3511 1120 3558 asersu
1145 3490 1262 3583 quinto

156 3613 302 3684 celebrat
320 3613 501 3681 dramatum
521 3613 734 3703 satyricorum
756 3625 886 3703 poetam
906 3623 938 3680 et
958 3610 1021 3680 hoc
1036 3614 1211 3706 praecipua
1227 3613 1262 3682 iu

153 3735 305 3832 Sositheo
326 3736 436 3803 laudat
459 3734 546 3827 quod
579 3733 735 3825 satyrione
760 3757 891 3827 poeseos
912 3754 1014 3827 genus
1032 3733 1078 3802 ad·
1092 3736 1262 3827 pristinam
1401 3817 1405 3823 ,

156 3857 322 3926 revocarit
353 3858 417 3925 oris
435 3857 758 3948 magniloquentiam.
809 3857 916 3944 Quum
948 3857 1034 3925 anim
1062 3855 1117 3923 alii
1138 3870 1174 3925 ut
1194 3855 1262 3948 Ly·

154 3973 280 4071 cophro
305 3977 337 4046 in
367 3977 557 4047 Menedemo
586 3977 730 4045 dramate
759 3977 900 4066 satyrico
923 3999 973 4043 res
999 3999 1041 4044 er
1063 3975 1174 4044 media·
1196 3979 1263 4047 rita

153 4097 277 4192 petitas
300 4086 447 4170 sermone
469 4101 568 4193 magis
590 4099 754 4169 communi
776 4110 809 4168 et
832 4075 1022 4190 quotidiano
1041 4098 1260 4191 explicarenl‘,

157 4232 193 4288 ut
214 4219 278 4290 hoo
299 4244 432 4314 poeseos
450 4243 550 4313 genos
574 4225 665 4291 noris
690 4220 987 4304 accommodaretur
1008 4220 1176 4303 moribus,
1201 4220 1265 4290 So·
