2828 4936
692 242 861 288 ...ῃ-

232 408 451 480 emendandae
480 412 665 479 omminum
695 409 827 479 lectioni
856 413 976 478 iterum
1008 411 1194 498 iterumque
1220 428 1337 482 naras·

163 549 177 571 '
231 583 318 643 sem,
341 565 376 630 iu
399 561 551 652 plurimis
573 558 767 631 seutentiam
789 583 889 652 quam
905 571 1001 631 antea
1022 570 1150 632 tutatus
1172 583 1262 632 eram
1281 563 1339 642 alax

229 716 362 802 rogari,
386 714 421 781 in
439 713 553 783 multis
575 713 681 782 eidem
700 715 874 803 obrogari,
897 716 932 782 in
951 713 1025 782 aliis
1048 734 1123 782 sero
1142 714 1208 781 huo
1226 721 1334 782 trans·

229 863 302 932 tuli.
349 863 563 932 Callimaohea
585 865 733 932 auctiora
754 865 790 930 iu
812 864 916 951 ipsius
938 870 1051 951 poetae
1077 861 1219 932 editione
1241 864 1334 933 datu·

228 1035 287 1083 rus
308 1035 394 1083 sum.
440 1016 467 1083 A
489 1016 645 1104 primitiis
671 1034 753 1091 uero,
770 1013 835 1080 illis
858 1013 939 1081 haee
969 1033 1053 1102 quae
1080 1016 1242 1102 posterius
1267 1017 1335 1084 eln-

228 1165 362 1233 cubrari
389 1165 501 1232 eodem
532 1164 636 1252 gradu
660 1163 782 1230 distare
800 1182 894 1251 spero
916 1183 980 1251 quo
1007 1161 1136 1232 fruetus
1170 1166 1334 1234 matoria

228 1314 363 1384 floribus
384 1317 540 1405 temporis
561 1316 655 1404 lapsu
682 1290 932 1382 marcidiorihus
954 1312 1060 1381 iactis.
1106 1315 1192 1383 Haeo
1219 1315 1333 1384 eadem

226 1483 302 1562 pero
326 1464 368 1532 ad
399 1466 444 1533 Te
466 1465 569 1537 detuli
591 1463 728 1552 'filiique
749 1458 888 1531 dioaum
909 1463 1022 1552 putari
1050 1464 1108 1550 qui
1136 1463 1219 1531 mihi
1241 1467 1334 1553 prius

226 1612 330 1682 multa
347 1614 466 1703 quibus
478 1622 589 1682 uterer
610 1614 892 1703 suppeditaveras,
915 1613 979 1683 alia
997 1614 1038 1682 ue
1052 1615 1135 1682 meis
1154 1615 1255 1683 litura
1278 1616 1331 1684 de·

225 1763 321 1833 lenda
333 1764 632 1844 demonstraveras,
643 1756 720 1832 alibi
737 1765 873 1833 dubium
885 1772 918 1833 et
929 1765 1118 1834 haerentem
1136 1768 1245 1834 auimo
1257 1787 1331 1835 oon·

225 1917 396 1995 firmaras,
419 1915 614 2006 disputando
637 1917 775 2006 denique
796 1924 829 1986 et
851 1917 1017 1987 dissensus
1038 1913 1241 2006 argumentis
1257 1939 1330 2008 ape·

224 2066 348 2134 rieudis
375 2065 559 2136 edocueras.
608 2067 651 2136 Iit
674 2087 787 2135 eorum
806 2030 890 2157 qnae
912 2069 973 2137 hoo
1007 2069 1142 2137 oonsilio
1171 2088 1329 2137 novarum

223 2217 469 2285 annotationum
489 2219 680 2286 oritioarnm
700 2217 1025 2298 comorihendarum,
1048 2239 1113 2306 quo
1134 2239 1227 2287 meae
1245 2219 1329 2288 mihi

161 2359 194 2385 ’·
221 2367 309 2434 iuter
328 2366 473 2435 eruditos
503 2368 738 2437 existimationi
763 2367 932 2436 consulere
960 2365 1093 2447 videor,
1124 2388 1164 2435 ex
1188 2368 1328 2457 publicis

222 2520 349 2608 privata
377 2519 448 2586 fieri
472 2521 573 2600 iussi,
596 2541 634 2588 ea
667 2522 809 2588 maxime
844 2520 1003 2590 oblivione
1036 2523 1142 2608 mergi
1164 2519 1327 2600 notulam,

221 2690 304 2757 quae
335 2670 370 2735 iu
396 2669 595 2756 praefatione
620 2670 662 2736 de
683 2672 754 2737 Tua
772 2673 807 2735 in
829 2690 883 2735 me
906 2669 1128 2736 benevolentia
1152 2670 1269 2756 scripsi
1293 2682 1326 2739 et

220 2818 339 2887 studio.
387 2816 511 2904 Scripsi
531 2823 643 2884 antem
665 2815 733 2884 iere
755 2815 856 2883 haee:
888 2818 1075 2904 saepissime
1095 2824 1128 2883 et
1151 2817 1190 2885 tle
1205 2822 1324 2908 siugu-

219 2967 261 3037 lis
278 2966 359 3034 loois
379 2964 462 3033 mihi
487 2985 564 3033 cnm
585 2965 721 3044 tirsum,
752 2965 831 3030 vno
862 2965 981 3032 eximio
1003 2973 1037 3032 et
1064 2965 1322 3048 humanissimo,

218 3115 336 3206 agendi
359 3123 392 3184 ot
412 3114 614 3205 oolioqueudi
639 3121 833 3204 potestatem
861 3114 983 3204 o'upide.
1002 3116 1320 3204 expetitamiaetam

216 3265 340 3346 inisse,
361 3285 541 3354 earumque
566 3266 825 3355 disputationum
852 3286 947 3355 opere
970 3266 1012 3334 ad
1045 3267 1143 3336 finem
1163 3268 1320 3357 perducto

215 3415 487 3487 iucundissimam
511 3421 620 3487 auim'o
647 3418 790 3485 haesisse
803 3418 1009 3486 'memoriam
1057 3417 1149 3499 Quod
1171 3418 1226 3483 uir
1247 3418 1337 3499 ilie„

123 3558 126 3564 ’
214 3578 313 3656 quein
336 3575 371 3636 et
384 3535 567 3637 reverentia
593 3587 771 3657 prosequor
797 3575 832 3633 et
851 3585 986 3646 amoro,
1008 3565 1144 3634 salutari
1165 3569 1319 3655 inprimis
1355 3610 1358 3614 -

215 3726 389 3805 onra'moa
412 3718 523 3787 studia
544 3718 642 3796 ierit,
667 3717 799 3799 μεγάλη
819 3718 913 3802 χάρις
932 3716 1028 3802 oiri.
1055 3715 1111 3786 I·Si
1126 3717 1232 3797 ‚dietis
1247 3717 1319 3799 eins

215 3869 302 3939 faeta
320 3877 500 3959 exaequare
522 3869 652 3951 vollem,
675 3869 819 3959 proiecto
837 3870 961 3938 mollita
978 3867 1140 3947 suauitate
1157 3888 1231 3938 moa
1246 3888 1318 3938 rer·

214 4021 257 4091 bn
272 3996 517 4091 mnnita-esse
543 4019 705 4089 deberent.
753 4021 866 4104 'Quare
894 4042 996 4111 quum
1026 4029 1157 4111 portora
1185 4020 1315 4091 condita

211 4171 319 4244 roriois
337 4181 411 4264 apte
439 4173 601 4263 explicare
626 4193 690 4242 non
709 4176 910 4263 potuissem,¹
925 4172 1141 4262 lgratiauimi
1155 4172 1316 4243 {testitim-
