2828 4936
674 234 879 298 -158-

223 425 308 495 unde
332 423 371 490 ad
394 445 499 490 reram
526 424 698 490 lectionem
726 425 758 489 in
784 422 975 491 Mnasalcae'
995 425 1136 489 carmine
1159 424 1329 492 invenien-

108 606 110 617 ,
219 543 294 611 dam
315 557 503 634 argumenta
520 543 640 612 ducere
663 566 728 611 non
758 543 847 612 licet.
893 543 934 613 ln
961 542 1106 610 Phaenni
1136 545 1329 636 inscriptio·

219 667 269 732 nis
293 690 338 734 rs.
362 669 394 739 i.
422 666 534 758 scripsi
558 665 663 742 οὶνείνν
686 687 746 754 pro
776 665 872 741 ἕνείνν
896 675 929 730 et
960 661 1104 730 dativum
1138 664 1329 752 Δαμοκρίτῳ

221 789 310 854 iunxi
339 809 413 854 cum
442 786 548 855 verbis
579 788 633 855 σὸν
661 787 764 868 βαθὺν
796 782 876 866 οἶνον
904 783 1008 856 ὕπνον,
1055 787 1103 853 Do
1133 808 1199 875 qno
1227 790 1329 857 otiam

220 909 426 979 Hermennus
451 906 644 977 admonuit·
690 908 748 975 llis
779 905 962 981 addendum
995 907 1106 999 plures
1140 906 1330 1001 inscriptio·

221 1054 277 1098 nos
299 1031 333 1097 in
356 1052 453 1097 canes
468 1029 612 1122 sepultos
637 1027 855 1118 Anthologiae
876 1029 1012 1094 insertas
1033 1042 1066 1096 et
1090 1027 1225 1095 additas·
1238 1050 1329 1113 este,

221 1174 358 1242 quornm
385 1149 489 1231 dnae,
521 1151 622 1218 altero
656 1148 853 1228 Simonidis,
887 1149 991 1216 altera·
1020 1150 1143 1238 Anytes
1174 1150 1330 1242 leguntur

221 1270 307 1361 opud
327 1272 494 1341 Pollucem
510 1271 560 1353 V,
586 1275 642 1341 ts.
665 1271 719 1338 ani
742 1270 845 1354 γὰρὴ
868 1274 1032 1351 Tarsam
1052 1271 1168 1349 Ἀνιίση
1191 1271 1329 1357 Λοκρίδα

220 1391 310 1472 δόξης
331 1392 558 1473 ἐμπέπληκεν,
583 1394 637 1476 ἐφ’
657 1389 692 1471 ἧς
715 1393 759 1475 τῷ
784 1388 879 1475 τοίφρ
901 1391 1028 1476 Φίρονσ’
1055 1390 1238 1478 ἕσίγραψεν
1260 1393 1327 1461 κοί.

223 1537 255 1582 r.
281 1513 367 1604 App.
400 1514 463 1604 np.
486 1518 507 1581 9
531 1524 564 1581 et
588 1516 667 1582 341.
716 1510 862 1579 Addatnr
895 1513 1064 1604 inscriptio
1094 1515 1127 1582 in
1158 1515 1328 1585 Welolret'i

222 1634 348 1726 Syllog.
373 1655 404 1702 c.
428 1637 504 1702 102.
531 1657 565 1723 p.
590 1636 666 1702 137.

313 1762 446 1837 χρῆμα
468 1753 509 1821 τὸ
533 1754 686 1829 Πανθείας
709 1753 811 1833 βαιίις
830 1755 918 1830 κυνὸς
942 1756 1012 1836 ἠρία
1034 1756 1134 1823 κονίει

402 1876 520 1950 εὐνοίας
544 1884 678 1960 στοργῆς
698 1872 793 1950 elleos
816 1875 983 1955 ἀγλαΐαν,

314 1994 403 2078 κούρη
423 1996 451 2062 δ’
473 1996 571 2079 ἁβρὸν
592 1994 717 2080 ίιίνρμα
739 1971 863 2064 νιοίοῦσ’
882 1997 1004 2065 ε’λεεινίι
1022 1998 1145 2082 δακρύει
1188 2036 1192 2049 ‚

403 2118 460 2194 alsa
480 2118 636 2202 σροφίμνν
653 2117 768 2201 φιλίας
785 2125 919 2198 μνῆστιν
939 2116 1046 2200 ἔχοοσ’
1065 2119 1193 2202 ἀτρεκῆ,

223 2239 260 2307 ln
286 2259 349 2327 qua
369 2240 582 2330 inscriptione
612 2238 752 2327 eleganti
771 2241 928 2306 suavitate
951 2239 1083 2311 condita
1113 2238 1199 2306 lraud
1230 2238 1331 2308 dubie

223 2360 447 2450 coniungenda
485 2373 583 2432 suot:
621 2360 691 2444 alpia
721 2359 820 2428 κεόίει
855 2361 1002 2441 ἀγλαΐαν
1032 2359 1148 2438 elleos,
1184 2361 1327 2443 εὐνοίας,

155 2528 160 2534 -
222 2490 367 2564 στοργῆς·
415 2482 626 2548 decusatisns
652 2482 751 2570 igitur
771 2482 917 2562 ἄρλοιίιιν
945 2480 1052 2549 redire
1080 2481 1258 2550 censendus
1279 2483 1330 2551 fo·

222 2615 272 2671 ret
293 2602 333 2669 ad
353 2604 481 2669 initium
502 2609 615 2685 χρῆμα
634 2601 693 2678 σι’,
720 2625 802 2692 qnae
826 2604 922 2669 verba
943 2626 1016 2669 sana
1040 2603 1104 2669 risa
1129 2616 1204 2669 sunt
1232 2604 1331 2671 Wel·

223 2727 334 2795 clero.
380 2722 442 2791 Sed
473 2724 518 2788 ita
543 2725 782 2791 constructione
812 2726 985 2792 vorborum
1007 2725 1175 2792 durissima
1198 2725 1330 2794 locutus

224 2858 305 2913 esset
329 2857 448 2934 poeta,
474 2867 573 2933 quare
601 2854 714 2929 χρῆμα
736 2844 774 2912 σί
793 2861 984 2937 corruptum
1011 2849 1160 2924 videtur,
1185 2860 1218 2914 at
1238 2847 1329 2917 idem

224 2968 287 3032 nisi
314 2967 412 3055 ipsius
435 2966 549 3055 lepidis
578 2967 769 3032 auctoritate
797 2967 852 3035 vir
871 2967 1015 3033 sonabile
1042 2968 1161 3036 dicam.

270 3088 359 3154 Inter
379 3100 489 3177 poetas
511 3108 647 3177 quorum
666 3087 809 3152 carmina
833 3089 866 3153 in
891 3087 1121 3177 llnthologiam
1146 3111 1234 3156 suam
1257 3088 1329 3155 col-

223 3210 303 3299 legit
337 3210 520 3299 Meleager,
556 3209 697 3298 optimus
729 3207 814 3274 haud
848 3209 948 3277 dubie
978 3222 1026 3278 est
1055 3210 1235 3278 Simonides
1268 3210 1328 3300 qui

223 3354 350 3399 omnem
380 3329 600 3420 inscriptionis
630 3330 766 3396 formam
800 3354 816 3396 a
847 3330 983 3398 rudibus
1013 3333 1191 3423 profectam
1221 3332 1327 3398 initiis

223 3454 255 3519 in
279 3475 421 3520 summae
440 3451 517 3517 artis
535 3450 754 3517 moderamina
775 3454 879 3542 coegit
898 3466 930 3518 et
952 3452 1157 3519 dnlcedinem
1184 3464 1326 3519 sectatos

223 3576 256 3640 in
278 3586 466 3664 argumento
489 3572 604 3662 grandi
633 3571 728 3639 rerba
760 3573 828 3663 ipsa
855 3575 1019 3662 ingeniosa
1049 3575 1082 3639 in
1109 3573 1240 3642 brercm
1263 3592 1328 3664 gy.

222 3717 294 3762 rum
316 3698 495 3773 contraxit,
522 3691 618 3758 verbo
639 3693 833 3777 ἐπίγραμμα
856 3693 983 3775 πρίνινον
1000 3695 1031 3769 ἐς
1052 3693 1183 3777 χρύσεον
1206 3700 1326 3778 σχῆμα

220 3815 450 3898 μείνρμίσασσ,
495 3815 584 3880 later
608 3817 800 3904 posteriores
824 3816 954 3904 optimis
972 3816 1203 3883 annumerandi
1229 3838 1327 3908 prae·

223 3951 271 4005 ter
291 3938 394 4028 ipsum
424 3935 619 4025 Meleagrum
646 3935 805 4005 Leonidas
833 3936 1026 4003 Tarentinus
1049 3952 1081 4003 et
1105 3936 1326 4007 Callimachus

222 4059 425 4147 Cyrenaeus,
450 4079 530 4146 qnos
549 4058 611 4125 iam
637 4061 778 4148 ipsorum
804 4069 948 4124 veterum
979 4059 1101 4125 iudicio
1130 4061 1270 4150 optimos
1290 4063 1326 4127 in

221 4178 281 4243 hac
302 4176 466 4244 literatum
490 4193 579 4268 parte
603 4176 729 4245 habitos
749 4202 814 4246 esse
841 4182 1012 4271 scriptores
1036 4181 1191 4251 videmus.
1239 4182 1325 4250 Leo·
