2828 4936
602 214 805 275 -153-

157 407 194 463 et
213 398 269 462 39.
312 394 514 474 Ἐμμενίδαις
536 399 652 479 Θήρωνί
670 401 698 463 π’
717 399 816 464 ἐλθεῖν
835 395 939 472 κῦδος,
965 397 1104 464 εὐέππυν
1124 395 1264 466 διδόντων

156 514 370 599 Τυνδαριδᾶν,
398 518 588 609 intelligitur
614 519 783 584 victoriam
808 517 965 586 Euueneti
985 518 1082 584 fuisse
1102 519 1260 596 curulem.

156 637 252 705 Idem
284 637 454 706 discretius
488 638 528 707 de
551 641 772 707 Parmeuuutis
807 640 946 707 victorie
967 651 1102 709 testetur
1129 644 1263 728 Anony-

154 778 231 823 mus
253 759 284 824 iu
303 759 513 850 inscriptione
537 761 578 829 Α.
600 761 636 827 Ρ..
658 759 763 838 XIII,
791 762 844 827 18.

249 877 383 945 Χοέλκεα
406 877 485 962 ἔργα
508 878 650 959 λέγοισέε
674 880 741 956 θοῆς
765 879 900 947 ε’πινέιιια
922 882 1026 946 πώλου

340 997 407 1078 ἥτις
431 1009 620 1081 κεντρομανῆ
643 1000 792 1080 λαβοῦσα
816 999 942 1076 παῖδα,

340 1239 509 1323 Παρμένων
531 1241 666 1324 χρυσέης
691 1242 801 1325 κύρησε
826 1243 921 1319 νίκας.

251 1361 403 1444 Φώκρισε,
428 1364 471 1446 σῷ
496 1362 522 1429 δ’
544 1361 608 1447 ἄρα
630 1363 718 1431 παιδὶ
743 1363 797 1432 καὶ
821 1364 967 1432 ’Τλαΐδαι
987 1365 1142 1443 βασιλῆες

339 1482 487 1568 πατρῴαν
506 1483 615 1552 ἔδοσαν
636 1492 753 1567 λαχεῖν
776 1485 905 1552 ἀέθλων.

156 1600 260 1672 Guius
280 1606 429 1672 carminis
461 1629 569 1674 sensus
589 1608 718 1698 penitus
743 1607 929 1674 obscuratus
950 1620 998 1676 est
1021 1630 1038 1672 a
1058 1607 1179 1673 criticis
1202 1607 1260 1697 qui

155 1746 286 1793 versum
306 1725 480 1794 secundum
502 1729 592 1794 cuius
611 1728 800 1796 sententiam
822 1749 887 1794 nen
909 1737 1136 1818 perspexerunt
1156 1729 1188 1797 in
1210 1727 1259 1794 in-

154 1857 283 1936 tegrum
305 1848 367 1914 eibi
386 1848 562 1915 restituisse
582 1848 643 1914 risi
664 1859 739 1913 sunt
764 1856 901 1913 assumta
929 1846 1067 1913 Iacobsii
1088 1847 1259 1925 conieclnq

153 1989 218 2048 ra,
251 1991 288 2036 er
308 1970 399 2038 cuiue
428 1969 586 2036 sententie
615 1966 907 2057 hendecueyilubcn
932 1969 1073 2058 primunr
1097 1966 1152 2034 hic
1179 1990 1259 2058 quu-

154 2110 223 2181 que
249 2088 371 2157 editum
395 2089 495 2159 rides.
542 2088 607 2158 Sed
632 2087 755 2155 codex:
781 2087 848 2167 ἥτις
879 2095 1083 2170 κεντρορραγῆ
1109 2088 1258 2167 βαλοῦσα

152 2209 268 2281 παῖδα.
316 2212 360 2281 Et
378 2211 529 2292 βαλοῦσα
546 2209 649 2279 παῖδα
669 2210 871 2277 sanissimum
886 2231 954 2276 esse
971 2209 1066 2278 docet
1085 2210 1259 2278 Pausaniae

153 2330 248 2400 lucus
273 2333 338 2413 VI,
367 2336 420 2402 13.
448 2339 481 2402 5.
506 2336 524 2412 ἦ
545 2332 577 2399 δὲ
599 2329 693 2408 ἵππος
714 2334 732 2410 ἡ
752 2335 807 2399 ποῦ
830 2330 980 2413 Κορινέέου
1000 2330 1140 2398 Φειδώλα
1161 2331 1258 2410 ὄνομα

151 2455 236 2535 μὲν,
261 2455 301 2529 ὥς
324 2455 351 2522 οἱ
373 2454 514 2537 Κορίνθιοι
537 2452 801 2535 μνημονεύουσιν,
826 2450 894 2535 ἔχει
917 2450 1028 2534 Αὔρα,
1054 2451 1108 2518 τὸν
1129 2449 1161 2517 δέ
1180 2452 1259 2518 οἰνα-

83 2636 97 2651 ,
152 2572 261 2656 βοέπνν
280 2573 328 2645 ἔτι
351 2574 527 2659 οἰρχομένου
550 2581 604 2643 τοῦ
628 2573 738 2659 δρόμου
765 2570 932 2642 συνέπεσεν
953 2571 1135 2651 ἀποβαλεῖν
1158 2573 1259 2650 αὐτὴν

152 2693 208 2767 καὶ
227 2693 312 2763 οὐδέν
335 2720 365 2764 πι
387 2694 478 2776 ἧσσον
504 2694 614 2764 δέουσα
633 2697 664 2762 έν
688 2694 794 2778 νοέσμιρ
817 2694 888 2778 περί
909 2719 945 2761 πε
968 2694 1025 2770 σὺν
1047 2692 1163 2760 υυόσαν
1187 2691 1257 2760 ἐπέ·

153 2823 273 2903 σπρεφε
289 2815 342 2884 καὶ
363 2817 430 2885 ἐπεὶ
449 2825 506 2895 τῆς
522 2816 707 2898 σάλπιγγος
727 2818 873 2896 ἤκουσεν,
897 2812 1094 2897 ἐπετάχυνεν
1112 2813 1144 2889 ές
1162 2813 1258 2881 πλέον

153 2942 209 3009 τοῦ
232 2935 344 3023 δρόμου
363 2939 429 3006 απέ.
476 2939 542 3008 Ubi
565 2939 698 3007 malim:
726 2937 940 3023 περιέσορεφε.
966 2938 1008 3005 Et
1028 2958 1147 3025 pueros
1163 2935 1258 3027 equi·

156 3058 247 3128 tendi
281 3060 359 3127 artis
392 3062 513 3152 peritos
544 3085 639 3153 saepe
671 3061 768 3128 fuisse
797 3083 955 3151 equorum
988 3074 1150 3139 rectores,
1177 3080 1257 3149 ques

156 3180 255 3250 hodie
274 3183 412 3272 Anglico
431 3183 560 3257 nomine
581 3182 690 3249 dicere
709 3193 963 3260 consueverunt,
988 3192 1077 3271 putet
1094 3205 1132 3248 ex
1152 3181 1257 3247 verbis

157 3302 315 3372 callixeni
330 3302 415 3395 apud
437 3301 559 3371 Athen.
574 3304 623 3383 V,
649 3307 705 3369 32.
727 3306 793 3369 200
817 3304 857 3370 E.
906 3302 991 3368 Hinc
1006 3303 1152 3390 sequitur
1173 3302 1256 3370 mele

154 3425 338 3494 Iaccbeium
352 3425 554 3491 'udiectirunr
572 3425 651 3506 ψιλή
674 3425 923 3513 interpretatum
938 3444 1006 3488 esse
1027 3419 1066 3490 de
1084 3444 1169 3511 equo
1189 3445 1257 3489 nnn

157 3552 335 3626 instrato,
361 3570 460 3641 quum
495 3545 723 3637 Intelligendus
746 3547 787 3612 sit
809 3566 916 3634 equus
944 3552 1078 3610 vectore
1107 3543 1257 3613 destitu-

157 3677 227 3740 tus.
274 3669 389 3760 Neque
411 3682 498 3738 recte
522 3669 700 3737 Meinekius
730 3667 854 3734 Delect.
889 3689 922 3756 p.
946 3669 1024 3737 238.
1056 3691 1115 3756 pro
1143 3668 1257 3734 ἐκείνου

154 3803 319 3881 preceture
341 3791 468 3881 putarit
497 3789 635 3856 scribere
667 3788 804 3864 incline:
845 3789 1023 3855 Pronomen
1055 3789 1140 3855 eninr
1172 3786 1256 3854 redit

155 3911 195 3978 ed
219 3912 399 3979 universam
422 3911 611 3979 sententium
629 3932 876 4001 *praegressum
904 3931 965 3999 qun
995 3909 1076 3975 rnire
1101 3910 1177 3997 equi
1201 3929 1255 3976 ce·

157 4032 300 4103 lebratur
332 4034 472 4127 peritia,
506 4035 640 4101 minime
671 4032 711 4098 ed
744 4054 843 4098 unum
876 4031 1108 4099 substantivum
1139 4034 1254 4115 πῶλος.ι

155 4155 360 4225 Adiectirurn
382 4163 585 4240 κευπρορραγῆ
602 4157 627 4222 si
646 4154 747 4222 active
766 4151 969 4241 interpretari
988 4152 1101 4220 liceret
1119 4149 1158 4218 de
1176 4174 1256 4239 pue·
