2828 4936
557 236 763 297 -1554-

203 416 383 499 Ἀβρότονον
408 419 550 503 Θρήϊσσα
573 421 652 498 γυνὴ
675 419 784 500 γένος·
808 421 899 489 alasa
922 422 1065 490 τεκέσθαι

292 541 346 607 τὸν
367 540 474 621 μέγαν
495 540 650 617 Ἕλλησιν
672 543 755 627 φασὶ
780 544 1012 624 Θεμιστοκλέα.

111 661 176 749 Qui
210 683 316 729 rerrus
345 661 497 752 leguntur
519 665 617 731 etiam
640 664 673 730 in
694 663 797 734 loth.
828 667 897 738 Pal.
918 667 1004 746 vll,
1029 669 1108 737 306'.
1134 678 1213 734 lum·

109 804 209 874 quam
227 782 376 873 sepulcro
398 783 543 851 mulieris
563 785 733 876 inseripti:

200 901 382 988 Ἀβρθτονοο
404 906 546 989 Θρήϊσσα
568 906 648 986 puolo
671 905 786 974 πέλοι·
810 907 901 975 ἀλλὰ
922 907 1066 976 τεκέσθαι

291 1024 345 1092 τὸν
366 1024 474 1106 μέγαν
494 1026 649 1103 Ἕλλησιν
670 1027 757 1111 φοραὶ
782 1027 1013 1106 Θεμιστοκλέα.
1064 1062 1067 1067 ·
1108 1042 1110 1051 ·

109 1146 198 1215 Plut.
223 1143 337 1213 Tbsm.
370 1168 401 1217 c.
423 1150 454 1216 1.
502 1148 546 1216 Ut
575 1146 711 1216 Athenis
740 1148 879 1238 vulgaris
907 1147 988 1216 haec
1015 1147 1081 1215 fuit
1102 1149 1213 1217 inimi·

107 1287 220 1333 corum
251 1265 437 1342 calumnia.
474 1291 536 1357 qua
572 1266 811 1358 cleophontem
850 1270 947 1359 potiit
982 1269 1214 1360 Aristophanes

108 1388 192 1457 llan.
214 1389 293 1456 679.
318 1399 351 1454 et
380 1388 460 1454 ulios
490 1387 556 1458 olii.
602 1388 762 1456 Leonidas
793 1402 901 1456 autam
925 1390 1117 1458 Tarentinus
1136 1413 1212 1482 pro·

107 1520 182 1597 pter
198 1520 338 1575 metrum
357 1509 495 1598 primam
527 1508 683 1597 syllabam
703 1510 832 1599 gentilis
851 1509 1014 1593 Θρθΐσσα,
1040 1534 1073 1579 r.
1096 1510 1214 1603 Stepb.

109 1628 194 1720 syy.
218 1630 253 1695 in
274 1650 305 1696 r.
332 1628 527 1720 Theognost.
554 1629 634 1701 Gan.
666 1654 701 1722 p.
725 1634 778 1702 17.
807 1635 858 1702 12.
892 1655 928 1723 p.
950 1637 1007 1702 99.
1032 1636 1087 1702 25.
1112 1635 1214 1700 corri-

106 1750 193 1840 puit.
241 1748 335 1837 Quod
352 1734 392 1819 ab
415 1754 485 1842 ipso
507 1765 603 1845 ports
621 1752 746 1819 laetum
768 1774 836 1823 esse
850 1810 853 1814 ,
867 1753 1080 1822 libentissimo
1102 1753 1212 1825 oredo.

108 1868 173 1938 Sod
197 1883 323 1938 caetera
346 1873 481 1963 quaein
508 1871 571 1939 boo
598 1894 664 1939 uno
682 1874 825 1941 carmina
848 1874 1021 1964 singularia
1043 1876 1213 1943 inveniun-

108 2004 184 2072 tur,
208 1994 417 2062 librariorum
442 1993 609 2060 erroribus
631 1993 745 2062 deberi
766 2006 861 2085 pnto.
907 1994 992 2062 llin'c
1014 1994 1142 2065 fluxisse
1166 1998 1214 2063 ri·

108 2112 206 2183 datur
237 2113 324 2207 qnod
359 2115 484 2182 aditum
512 2124 614 2183 exstat
636 2137 684 2185 rs.
704 2119 737 2183 2.
768 2113 820 2183 ἐπὶ
844 2118 888 2199 τᾷ
911 2113 989 2198 lon,
1023 2115 1112 2205 quod
1141 2140 1214 2185 mn·

108 2234 243 2305 tandum
277 2259 392 2305 censeo
421 2238 456 2305 in
482 2236 541 2306 ὑτὸ
563 2241 607 2322 τᾷ
634 2235 711 2319 δρυΐ.
758 2238 942 2304 Extremam
974 2239 1060 2304 enirn
1084 2237 1213 2305 articuli

109 2359 254 2427 voculam
286 2371 321 2429 ot
352 2361 489 2451 primam
520 2358 712 2425 substantivi
742 2359 776 2424 in
803 2380 900 2426 unum
925 2357 1081 2447 syllabam
1105 2361 1213 2429 coale·

105 2503 196 2551 roure
218 2504 313 2574 possa
335 2482 369 2548 in
390 2481 536 2550 rarsibns
565 2493 680 2572 poetas
709 2478 823 2547 doctae
847 2480 1024 2570 elegantiae
1045 2479 1213 2548 studiosis·

99 2603 193 2675 simt-
212 2603 264 2669 rix
295 2600 439 2671 rdduoor
466 2614 502 2669 nt
524 2601 653 2669 credam
680 2623 784 2690 eoque
811 2602 918 2669 minus
948 2598 1035 2689 quod
1061 2599 1142 2668 bueo
1171 2601 1214 2668 li·

104 2725 214 2794 centia
232 2723 417 2791 cumulatur
438 2724 539 2791 altars
563 2727 596 2790 in
617 2745 710 2790 versu
732 2722 852 2798 tortio,
878 2721 958 2801 ubi,
984 2721 1087 2789 vocali
1106 2724 1211 2814 prima

105 2846 357 2939 praepositionis
389 2846 465 2914 olias
497 2845 702 2914 scribendum
731 2845 838 2911 forato
873 2842 897 2910 οἱ
931 2842 1015 2922 ruodo
1043 2847 1100 2912 ’or'
1131 2845 1211 2913 ἐκεῖ·

104 2992 173 3037 οων.
221 2969 313 3056 Quae
334 2991 478 3060 apocope
509 2968 590 3034 mibi
619 2979 727 3034 tamen
753 2967 785 3033 in
807 2965 951 3033 Leonida
983 2988 1047 3033 non
1080 2966 1218 3065 ferenda·

106 3089 249 3159 ridetur.
297 3089 366 3157 Nae
394 3088 566 3156 admodum
600 3088 803 3180 probandum
838 3088 926 3178 qnod
950 3088 1035 3156 idem
1059 3111 1120 3177 pro
1142 3087 1212 3154 rul-

104 3210 321 3298 gmi'llraooa
343 3210 488 3277 dictione
508 3210 574 3276 ἀνθ’
598 3206 656 3285 ὧν,
683 3211 706 3274 ι’.
724 3231 753 3276 e.
777 3205 825 3275 θτι
846 3207 986 3274 seribere
1005 3207 1120 3275 maluit
1140 3209 1211 3278 ἄντ’

104 3331 228 3401 ἐκείνων
256 3329 308 3400 ὦν.
365 3334 569 3422 Quapropter
605 3329 684 3396 haec
716 3331 822 3394 omnia
855 3351 938 3419 qnae
970 3330 1211 3418 corruptissima

105 3451 257 3520 habunda
289 3466 364 3520 sunt
392 3452 434 3518 ab
461 3449 659 3517 acutioribus
684 3462 830 3516 sanatum
863 3449 903 3515 iri
935 3471 1043 3538 spero.
1089 3450 1211 3519 Ultima

107 3573 330 3664 inscriptionis
353 3572 450 3640 rerba
469 3569 679 3638 describendo
699 3570 809 3637 curari
830 3593 867 3637 ex
885 3570 1063 3638 Hermonni
1083 3584 1213 3640 senten·

107 3696 155 3763 tia
176 3719 194 3761 a
217 3695 381 3765 Meinelrio
405 3695 565 3785 probata3
593 3691 714 3763 codex:
741 3690 849 3775 ἔθρεψε
872 3694 971 3773 τιμᾶν
994 3690 1041 3761 ἔτι
1067 3694 1213 3777 χρησθαα

106 3824 269 3904 τελευτᾷ,
295 3839 377 3908 quae
401 3840 513 3884 versor
534 3830 569 3882 nt
590 3826 677 3883 recta
699 3816 867 3883 emendate
891 3817 966 3885 sint.
1014 3815 1076 3883 Sed
1096 3815 1212 3883 meiius

106 3940 187 4030 quid
227 3940 378 4031 equidem
420 3940 612 4029 investigare
644 3962 708 4004 non
742 3939 860 4027 potui,
897 3940 974 4007 alios
1007 3936 1213 4027 indagaturus

108 4083 262 4129 essenon
284 4060 413 4131 dubito.

48 4231 56 4241 .
154 4182 399 4272 inscriptionem
427 4183 459 4247 in
487 4205 604 4272 equom
630 4179 798 4267 ἀθλοφόροι
831 4181 978 4273 sepulcro
1002 4192 1149 4248 ornatum
1174 4205 1210 4248 ex
