2828 4936
548 236 596 294 ⁸-
623 248 681 311 101
708 283 753 298 -·

107 434 171 504 Ubi
194 435 238 499 rol
270 434 358 501 καλαὶ
384 433 567 516 γράμματα
591 435 691 525 ipsius
725 433 819 500 huius
849 435 1064 524 inscriptionis
1096 458 1202 502 versus

106 553 171 621 dici
192 553 361 643 ridentur,
387 554 505 646 quibus
525 579 588 622 non
603 561 666 626 iam
687 557 790 647 patria
812 566 844 622 et
866 576 963 644 genus
982 555 1132 622 Baucidis
1149 555 1201 622 sed

105 675 285 743 miseranda
304 700 370 744 sors
392 690 571 748 enarratur.
605 676 683 744 Ideo
706 677 919 745 rectissimum
934 689 1004 749 est:
1030 675 1109 759 κᾶμ’
1129 678 1203 760 ἐφν-

104 803 192 880 aeon
218 801 277 864 »si
300 800 394 865 etiam
416 800 549 890 cippum
571 799 612 865 ab
635 798 737 867 altero
754 800 854 867 latere
876 799 1065 889 inspicias.”
1116 799 1204 886 Quae

106 920 205 985 rerba
235 921 380 1010 proxime
407 920 445 985 ad
469 919 587 986 codicis
614 919 786 986 lectionem
815 920 858 985 roi
885 920 954 998 μεθ’
976 919 1078 1002 δρῶντι
1111 941 1204 985 acce·

106 1039 213 1122 dunt;
241 1064 312 1107 nam
336 1051 363 1107 Θ
383 1053 428 1108 est
449 1049 498 1120 Φ,
525 1063 628 1130 neque
650 1043 744 1108 facile
764 1050 794 1107 T
816 1054 848 1108 et
865 1050 891 1106 K
911 1041 1086 1128 dignoscas.
1123 1040 1203 1108 Vul-

105 1186 146 1252 go
161 1184 199 1228 er
222 1162 360 1252 eleganti
382 1174 414 1228 et
438 1163 600 1251 ingeniosa
622 1162 768 1230 Salmasii
789 1165 974 1229 coniectura
1005 1162 1132 1228 editur:
1158 1162 1202 1228 aa

104 1282 138 1352 δέ
157 1306 203 1349 ror
224 1281 312 1348 nansi
334 1280 452 1361 νάμαθ’
476 1282 577 1364 ὁρῶντι
601 1281 768 1363 ὠμοτάταν
791 1295 825 1349 Β.
845 1284 878 1350 oi.
903 1284 1031 1365 τύχαν,
1058 1304 1120 1372 qua
1144 1304 1204 1371 pro

105 1416 199 1495 parte
230 1416 366 1469 assumta
399 1403 591 1470 Welolrerus
625 1403 748 1494 Syllog.
786 1428 819 1494 p.
841 1403 983 1471 XXVIII
1018 1426 1090 1493 sqq.
1126 1425 1203 1469 con-

106 1524 201 1590 iecit:
233 1524 276 1590 roi
304 1522 337 1590 δέ
358 1548 403 1590 τα
436 1524 524 1590 καλαὶ
552 1521 718 1608 γράμμαθ’
750 1526 851 1608 ὁρῶντι
883 1524 1051 1604 denodans
1080 1526 1145 1590 ατὲ.
1171 1537 1204 1592 et

105 1641 290 1727 γράμματα
321 1643 362 1712 de
392 1643 564 1735 anaglyphi
602 1646 741 1734 imagine
771 1645 972 1712 intellectum
1005 1645 1118 1714 noluit.
1167 1644 1203 1710 In

106 1766 217 1856 priore
247 1766 477 1855 epigrammate
507 1765 615 1832 orsinae
639 1764 725 1832 edidi
758 1789 794 1832 er
819 1765 1042 1832 emendatione
1070 1762 1207 1832 Schnei‹

107 1886 251 1965 denini3
287 1886 386 1953 codex
425 1889 557 1953 σνῖιλαν.
617 1886 743 1954 Ibidem
784 1909 830 1955 rs.
862 1890 880 1952 7
916 1886 1136 1977 recipiendum
1172 1889 1204 1954 in

107 2007 278 2074 uerborum
326 2006 495 2086 ordinem,
532 2007 617 2096 quod
651 2006 734 2073 idern
769 2008 818 2071 sir
853 2006 1086 2073 eruditissimus
1128 2029 1206 2075 oon·

107 2129 184 2196 iecit
204 2127 323 2203 Τνλία.
372 2127 474 2194 Tenos
502 2129 588 2193 enim
614 2126 715 2192 insula
749 2127 890 2204 Ionum,
916 2126 1009 2194 Telos
1029 2151 1045 2192 a
1068 2129 1205 2196 Dorien-

106 2249 194 2316 sibns
224 2247 389 2327 habitata,
422 2270 560 2338 quorum
594 2247 733 2313 dialecto
766 2268 820 2312 usa
846 2260 894 2312 est
927 2247 1059 2315 Erinna.
1109 2248 1204 2316 vet

107 2369 222 2461 scripsi
242 2366 336 2452 ἕτερον
359 2367 483 2444 aduras,
518 2366 605 2458 quod
635 2369 667 2432 in
693 2366 803 2434 codice
825 2366 942 2455 legitur
963 2367 1065 2448 ἕτεραι
1085 2366 1202 2445 πόλιας.

106 2492 178 2560 IIon
200 2491 342 2558 ornatius
364 2489 488 2556 dictum
510 2511 568 2579 pro
590 2485 679 2566 ξένα.
729 2488 792 2554 lIas
816 2508 891 2552 vero
912 2488 1137 2578 inscriptiones
1156 2493 1206 2557 in·

106 2613 195 2679 sulae
220 2611 292 2679 'leli
320 2608 406 2675 haud
433 2607 530 2674 dubie
554 2607 712 2675 Leonidas
735 2630 798 2672 non
822 2609 965 2698 cognitas
989 2607 1127 2681 habuit.
1150 2611 1205 2678 sed

105 2736 230 2826 primus
252 2734 284 2800 in
305 2731 475 2799 itineribus
498 2730 666 2822 descripsit
691 2730 862 2819 Meleager.
897 2729 991 2798 Unde
1012 2730 1205 2822 intelligitur

106 2857 301 2949 epigramma
320 2855 351 2919 in
373 2852 523 2923 Erinnam
552 2853 591 2919 Α.
614 2852 649 2921 P.
664 2851 748 2933 vlt,
774 2857 825 2924 13.
859 2850 1010 2941 Meleagri
1031 2875 1119 2932 esse,
1141 2876 1205 2920 non

106 2976 281 3048 Leonidae.
332 2975 403 3040 lluo
425 2997 496 3039 rera
521 2975 661 3064 elegiace
684 2976 914 3064 epigrammata
932 2972 1074 3042 eiusdem
1093 2974 1206 3065 lapidis

106 3099 292 3190 sepulcralis
327 3098 358 3161 in
393 3095 664 3183 Eurymedontem
699 3096 850 3184 leguntur
884 3096 924 3163 Δ.
954 3096 992 3169 Ρ.
1014 3096 1098 3175 VII,
1124 3099 1202 3163 658.

106 3224 187 3290 659.
212 3243 229 3284 a
253 3217 427 3284 Theocrito
448 3217 589 3304 scripta,
616 3217 776 3283 Leonidae
802 3217 966 3282 Tarentini
990 3216 1067 3282 item
1088 3215 1204 3284 dunin

105 3337 300 3410 Pratalidam
336 3335 520 3403 Cretensem
551 3335 592 3404 A.
616 3335 652 3402 P.
674 3335 761 3412 vtt,
788 3337 865 3401 448.
892 3338 968 3402 449.
1004 3335 1036 3399 in
1072 3335 1205 3402 Cassan-

107 3462 201 3529 drum
240 3461 272 3526 in
309 3455 506 3546 Anthoiogia
540 3454 686 3545 Gregorii
719 3454 862 3543 Magistri
889 3453 972 3533 vlt,
998 3456 1076 3524 327.
1102 3460 1203 3538 328..

105 3580 325 3651 Parmenionis
351 3577 492 3667 denique
516 3577 548 3643 in
576 3573 770 3664 dathologia
794 3572 939 3664 Philippi
958 3574 1043 3654 Vll,
1072 3579 1148 3649 183.

197 3703 383 3786 flagitassetis
403 3697 506 3783 τάφος
527 3695 591 3777 εἴμ’
611 3695 757 3773 Ἑλένας,
783 3695 883 3763 πένθει
904 3695 930 3762 δ’
950 3698 1002 3763 ἐπ’
1016 3698 1146 3786 ἀδελφῷ

285 3819 382 3898 attae
401 3821 458 3897 risu
481 3816 641 3902 Κροκάλης
660 3815 780 3903 ἔφθασε
802 3817 987 3900 παρθενίαν,

197 3944 241 4018 εἷς
260 3942 292 4010 δὲ
311 3940 402 4023 γόους
422 3939 583 4020 Ὑμέναιος
604 3938 789 4014 ἐπαύσατο.
814 3938 875 4014 τὰς
897 3938 929 4004 δὲ
949 3939 1134 4018 γαμούντων

287 4064 416 4138 ἐλπίδας
438 4065 471 4129 οὐ
492 4063 631 4144 θάλαμος
654 4063 790 4141 salmosa
809 4060 899 4127 ἄλλα
919 4057 1057 4141 etone,

106 4203 137 4254 et
161 4211 189 4256 o.
219 4191 292 4258 tet.
