2828 4936
551 255 756 319 -129-—-

145 443 353 532 Epigramma
383 454 488 507 autem
523 440 718 531 Cyzicenum
750 441 898 530 Gregorii
931 412 1074 531 liapietri
1104 463 1201 533 opera

91 563 298 652 descriptum
317 585 334 629 a
356 561 569 630 Gonatantino
591 562 720 630 demum
752 562 894 653 Gephala
918 561 1133 654 Anthologiae
1151 567 1201 632 in»

93 699 219 752 eertum
247 699 339 776 puto.
394 686 442 752 lle
472 708 538 775 qno
569 686 706 750 inlerina
736 684 866 762 dicom;
902 685 965 750 hoc
992 686 1064 752 loco
1095 689 1200 776 iprum

89 829 252 884 carmen,
277 807 518 897 opportunitate
542 805 637 883 dota,
663 785 846 895 corrigam:

183 930 334 1011 ’Λίρνσον
357 927 496 1010 Χαρίτων
517 927 577 994 rial
600 925 740 994 σαστιίδι
760 928 834 1012 τῇδε
857 930 991 1011 τριήρους

278 1048 420 1123 στυλίδοο
443 1052 503 1124 τοῖς
527 1050 649 1130 στρώτας
673 1051 755 1118 τοῦθ’
779 1049 958 1130 ὑπόδειγμα
980 1049 1119 1131 τέχνας·

188 1170 311 1239 ταύταν
331 1171 395 1252 γὰρ
417 1172 542 1252 τιριίταν
562 1174 632 1236 τοτ’
654 1172 795 1250 ε’μιίσασο
817 1172 954 1246 Παλλὰς
978 1173 1090 1249 ’Adrion

277 1288 370 1358 σοίνδε
391 1289 480 1356 πόλει
504 1289 630 1357 στιίλαυ
649 1290 846 1359 οίνσιδιδοῦσα
868 1291 983 1375 χοίριυ·

187 1410 340 1478 ‘reducere
363 1412 484 1496 ὑψίστρ
506 1411 665 1496 Τριτωνίδι
689 1415 757 1488 νυὸν
781 1411 904 1491 ἔτευξεν

279 1531 406 1615 Κύζικος
430 1530 480 1598 ἅδ’
500 1534 551 1618 ίρρῖ
570 1539 687 1616 στρῶσον
711 1533 742 1598 ἐν
761 1533 908 1601 Ἀσιιίδι·

188 1655 295 1735 δεῖγμ’
318 1650 341 1720 ἃ
364 1655 416 1721 καί
438 1654 570 1721 τλίνίαυ
590 1656 789 1738 χρυσήλατον
809 1657 933 1736 ίίχαχευ
953 1655 1051 1739 σ’ίχίος

280 1776 428 1858 Δελφίδα
450 1779 534 1854 χῖον,
560 1776 662 1859 Φοίβῳ
685 1775 778 1842 τιίυδε
801 1776 937 1856 νέμουσα
960 1775 1065 1859 χοὶριν.

96 1899 194 1968 tea
219 1892 260 1963 at'
277 1899 310 1965 8.
344 1918 430 1964 nnnc
449 1899 482 1962 in
504 1908 626 1963 textum
648 1899 756 1986 recepi
773 1898 1012 1964 emendationes
1031 1919 1110 1987 quaa
1132 1899 1202 1988 pri-

94 2019 172 2088 dem
193 2018 359 2109 proposui.
407 2014 538 2084 Godaxz
574 2015 694 2097 δεῖγμα
721 2018 791 2096 καί,
824 2041 920 2110 quem
953 2017 1141 2086 trochaeum
1166 2019 1199 2085 in

95 2143 204 2233 primo
231 2139 314 2230 pede
339 2136 465 2204 anatoli.
513 2137 678 2206 lacobsiua
703 2140 827 2207 infelici
859 2154 998 2208 conatu:
1021 2139 1141 2221 δεῖγμιί
1163 2158 1200 2208 το

95 2264 164 2333 ιιαί.
213 2259 264 2328 dd
287 2260 420 2326 τλίυίυν
447 2258 559 2325 confer
586 2260 755 2326 Bianorem
781 2261 822 2328 d.
843 2262 880 2331 Ρ.
901 2261 973 2340 tx,
999 2265 1075 2330 423.
1102 2266 1135 2330 3.
1167 2260 1208 2329 el

93 2385 202 2468 χρυσῷ
218 2382 255 2450 τί
275 2382 411 2448 ταλαιδυ
435 2382 661 2447 εὀιλινίιίσασίε
684 2380 846 2465 μίλαίρου.
894 2383 950 2449 Ve.
971 2388 1005 2451 8.
1035 2381 1200 2472 vulgatum

95 2520 167 2576 etta
200 2502 286 2572 τιίυδ
313 2505 466 2569 ἐνεσοῦσα
490 2501 607 2584 χιίριν,
641 2524 738 2592 quam
776 2486 951 2570 dictionem
983 2504 1138 2572 Graecam
1168 2516 1201 2573 et

95 2641 206 2718 uptam
229 2648 296 2694 orac
317 2624 460 2715 negabo,
485 2622 587 2690 donec
608 2636 694 2691 carta
717 2625 785 2691 eiua
802 2625 945 2716 exemplu
965 2626 1197 2716 proferantnr3

95 2752 194 2819 etiam
224 2748 342 2815 aorirto
372 2767 521 2838 praecone
550 2744 809 2815 aubrtitnendum
831 2759 891 2817 eat.
940 2749 982 2814 lit
1003 2746 1115 2815 literae
1138 2770 1200 2814 un·

77 2871 195 2940 ·cialer
215 2879 245 2937 Π
259 2882 293 2937 et
310 2878 347 2935 M
364 2867 484 2934 centies
502 2867 665 2935 conluere.
715 2866 813 2935 Plane
830 2869 994 2958 geminum
1014 2882 1085 2948 ert,
1111 2868 1199 2960 qnod

94 2994 215 3084 legitur
236 2992 269 3056 in
292 2990 521 3079 epigrammate
541 2988 811 3055 Halicarnassonei
833 2988 921 3057 ccl.
945 3010 973 3055 c.
998 2992 1099 3059 2661.
1123 3014 1152 3058 ι.

188 3110 310 3184 Nicone
328 3108 521 3191 Μυρμιδόνος
542 3108 652 3190 κούραν
675 3110 748 3184 Διὸς
772 3108 881 3176 taem
904 3110 1006 3178 οταῒδα

275 3233 429 3311 ’Άρτεμιυ
447 3227 569 3310 εὐίλβιρ
592 3228 668 3309 τῷδε
692 3230 780 3312 τιαροδ
799 3228 946 3312 τροτιίλῳ

191 3352 293 3435 Φοίβῳ
316 3354 441 3429 Ἀγυιεῖ
461 3346 555 3415 σοίνδε
579 3347 677 3428 υίμιον
699 3349 803 3432 χάριν.

97 3474 251 3567 Gyaiceni
269 3472 368 3563 igitur
393 3469 490 3536 huiur
508 3468 637 3535 donarii
658 3466 796 3557 effigiem
818 3489 946 3535 auream
969 3468 1110 3560 Ilelplroa
1134 3473 1201 3540 mlo

97 3607 210 3666 rerunt
229 3596 263 3661 in
286 3589 407 3683 templo
429 3588 589 3680 Apollinis
607 3586 831 3658 dedicandam.
877 3587 942 3657 Sed
963 3589 1117 3682 quidnam
1137 3590 1201 3660 hoc

98 3715 269 3786 donarium
301 3710 485 3779 habendum
511 3711 575 3785 ait,
601 3709 641 3776 de
667 3732 706 3776 eo
731 3707 952 3778 dissentienter
980 3711 1068 3779 rideo
1099 3714 1202 3781 inter·

98 3852 217 3932 protea.
264 3836 480 3902 Buttmannua
504 3832 591 3898 enim
612 3832 714 3914 τρινίρν
734 3828 871 3897 σταλίδα
891 3832 1126 3900 emendandum
1148 3858 1200 3901 ra·

100 3974 152 4027 tuo
177 3953 381 4025 columellam
413 3952 601 4042 triplicem,
628 3951 812 4019 Gratiarum
839 3954 971 4020 fortasse
992 3952 1198 4044 symbolum,

100 4080 210 4172 qualia
248 4076 363 4144 δίκαια
405 4074 537 4140 luerunt
569 4073 739 4140 Dioscoron
774 4072 985 4163 significantia
1027 4074 1198 4144 intellexit.

100 4200 201 4272 Guiua
220 4200 411 4267 sententiam
434 4197 530 4263 latina
554 4196 709 4286 explicuit
734 4193 933 4274 Boeclhinr,
960 4198 1015 4286 qui
1042 4195 1134 4264 utilia
1159 4197 1200 4264 de

951 4317 973 4382 9
