2828 4936
573 246 731 310 ..9-

98 437 153 502 oli.
202 432 265 502 Sed
299 431 388 524 quod
417 431 502 500 idem
528 431 662 516 δεννόζον
696 436 924 524 interpretatus
947 452 1026 505 -ests
1055 447 1199 514 stoream

96 558 248 633 olentis,
285 578 302 620 a
325 554 416 621 δεῖσαν
445 562 603 634 stercus,
634 553 665 620 id
691 567 760 622 tum
790 553 919 624 demum
943 557 1093 647 cuiquam
1120 581 1197 650 pro·

96 678 168 744 bari
196 677 461 769 possit‚·quum
493 674 748 742 demonstratum
782 676 883 744 luerit
912 679 1053 746 Graecos
1082 680 1197 747 dixisse

95 797 198 881 εόνζος
218 819 279 889 pro
301 793 430 877 sicima
454 808 487 863 et
509 795 632 871 εὐώδης.
681 796 796 886 Neque
824 793 887 863 boe
909 797 1081 888 probatum
1107 799 1196 867 ller-

96 935 238 1012 manno,
263 919 321 1009 qui
349 916 501 983 audacius
523 918 634 994 Μίκων’
657 915 822 984 ὃνενδνστοῦ
852 917 1028 986 coniecisse
1053 917 1194 990 videtur.

96 1041 166 1108 lloc
182 1059 288 1106 unum
308 1037 404 1105 video
426 1037 550 1105 nomini
573 1035 707 1123 κεφαλαὶ
730 1036 925 1106 adiectisum
944 1037 1197 1109 addendumas·

94 1184 151 1243 se;
178 1159 259 1252 quid
279 1170 354 1227 iero
371 1157 593 1249 reponendum
613 1161 656 1226 sil
677 1157 877 1227 divinatione
898 1162 1022 1250 assequi
1043 1183 1108 1228 non
1130 1184 1196 1251 po·
1238 1187 1242 1193 ·

96 1283 156 1350 lui.
202 1281 264 1347 Per
286 1279 392 1346 lusum
413 1280 560 1346 coniecit
591 1281 664 1357 θῆκε
683 1277 904 1359 luccianum
931 1279 1070 1362 Δωριέως
1092 1287 1195 1366 κεφα-

92 1400 148 1471 λά.
200 1400 371 1471 Caeterum
404 1425 469 1469 non
500 1400 717 1491 improbabile
745 1400 873 1469 uidetur
902 1397 1079 1470 Leonidam
1115 1398 1195 1471 baec

91 1524 254 1615 scripsisse
275 1524 308 1590 iu
328 1523 484 1590 Doricum
500 1535 652 1614 poetam,
672 1523 763 1591 cuius
780 1508 978 1614 epigramma
990 1522 1119 1591 Milonis
1131 1537 1196 1592 sta-

92 1657 167 1712 tuae
189 1644 386 1734 inscriptum
406 1665 444 1711 ex
456 1639 633 1732 Phylancbi
652 1642 743 1710 libris
756 1642 1132 1736 descripsit-Athenaeus
1144 1645 1193 1721 X.

93 1769 159 1833 413
191 1767 234 1834 A.
282 1765 338 1833 Vs.
369 1767 384 1829 l
417 1761 541 1831 cadens
576 1763 776 1849 φνλευχείλῳ
801 1749 846 1832 νεμ
867 1769 1067 1852 Asbamaei,
1107 1767 1196 1858 quod

95 1887 130 1952 in
151 1884 348 1970 Φιλενλείχῳ
370 1884 508 1951 mulaiit
528 1884 724 1956 Brunclsius.
749 1872 1090 1971 Δι’1οο·φνευνονχῳ
1114 1891 1196 1954 scri·

97 2004 235 2074 bendum
257 2006 357 2073 luisse
377 2016 468 2074 recle
484 2005 611 2073 monuit
632 1988 814 2074 Lobeoiius
831 2004 954 2096 Pbryn.
978 2031 1012 2100 p.
1025 2013 1105 2081 573.
1129 2008 1192 2077 Sed

93 2149 134 2195 ne
154 2126 348 2219 sicquidem
368 2109 556 2194 adaeibium
579 2121 615 2196 εὖ
638 2149 715 2194 cum
731 2128 873 2213 λείχειν.
896 2121 1095 2220 ἱίςνννίνθ,
1112 2104 1195 2199 mihi

92 2247 173 2316 bene
194 2249 282 2314 coire
302 2245 441 2316 videtur.
477 2247 560 2333 <Qua
581 2246 622 2315 de
644 2270 740 2314 causa
759 2250 874 2338 scripsi
895 2235 1096 2334 φνλενχῦλφ.
1121 2251 1194 2320 Nisi

90 2368 182 2435 malis
197 2365 404 2452 Φιλενχύμῳ.
438 2368 624 2457 Utmmque
645 2368 732 2434 enim
753 2369 957 2458 aptissimum
978 2389 1194 2462 quamsaepe

91 2489 157 2557 cibi
177 2486 353 2557 laudentur
372 2485 504 2570 εὔχυλοι
526 2500 561 2554 et
580 2486 727 2569 εὔχυμον.
765 2489 821 2558 Vs.
841 2493 862 2556 3
885 2488 985 2557 codex
1005 2487 1190 2575 κναίστορνς.

93 2609 185 2700 Quod
210 2609 251 2679 de
272 2610 390 2702 Toupii
413 2609 587 2679 sententia·
593 2611 627 2676 in
650 2607 886 2691 κντννάστορνς
908 2623 1082 2681 mutatum.
1127 2611 1193 2682 saa
1301 2672 1302 2676 ,

90 2757 127 2801 en
143 2733 220 2825 ipsis
242 2733 281 2799 iis
299 2755 382 2843 quae
411 2730 450 2797 ad
478 2731 596 2823 Toupii
618 2728 836 2798 coniecturam
858 2729 1058 2798 firmandam
1071 2730 1114 2798 aal
1135 2756 1194 2801 no·

89 2870 194 2923 strum
228 2854 337 2923 locum
380 2852 489 2921 attulit
521 2853 687 2920 lacobsius
722 2850 829 2921 Anah.
862 2840 951 2923 Pal.-
947 2878 1002 2944 ·-.p
1023 2855 1089 2922 203
1121 2878 1192 2922 eam

89 2977 221 3068 probari
238 3000 304 3045 non
321 2998 423 3069 posse.
440 2975 556 3087 liquet.
589 2974 704 3043 Nam
700 2997 810 3065 quum
833 2974 925 3050 κύτος
934 2960 1084 3072 yemis
1107 3001 1192 3043 oen·
1304 3044 1306 3049 ,

91 3107 178 3164 trem
199 3119 319 3164 cavum
338 3094 505 3173 indicent,
530 3107 677 3183 apertum
699 3108 747 3162 est
769 3085 936 3186 epilbelon
953 3095 1191 3182 sacerdos-opas

91 3219 152 3284 nisi
176 3217 271 3306 plane
295 3217 442 3305 ineptum
470 3225 558 3280 certe
578 3214 672 3282 valde
698 3219 836 3283 otiosum
859 3240 945 3298 esse,
971 3227 1073 3309 quum
1096 3243 1192 3287 nemo

89 3341 216 3427 ignoret
245 3348 388 3403 ventrem
420 3333 655 3400 aheni-cavum
673 3358 760 3404 esse.
808 3336 887 3403 ldeo
905 3338 1033 3406 ‘maluii
1066 3341 1191 3420 βουγά-

89 3483 211 3541 scopae.
261 3458 306 3527 Ut
336 3459 444 3547 Anyte
474 3456 942 3537 diniaa.1³.v1,153.1.
972 3453 1191 3544 lioaxoaiiei

89 3582 186 3661 λέβης
211 3594 243 3647 et
267 3579 517 3650 Callimachus
508 3602 541 3646 sn
565 3581 731 3672 ilices-plis
756 3579 843 3671 apud
864 3579 1028 3652 Gaisiord.
1050 3584 1089 3650 ad
1112 3587 1190 3656 ΕΜ.

91 3726 124 3791 p.
151 3705 249 3769 1156.
273 3704 313 3772 B.
508 3708 511 3713 ’

180 3819 309 3901 ἄξονται
333 3822 359 3888 δ’
376 3825 438 3906 ονχ
461 3819 556 3889 ἵππον
575 3821 715 3898 ἀέθλιον.
740 3825 774 3888 οὐ
798 3812 857 3900 μὲν
880 3822 983 3904 ἐχῖνον
1082 3841 1088 3857 ·
1177 3866 1181 3875 .

247 3944 426 4025 «βονδύκνν.

91 4063 150 4132 Sed
177 4067 309 4134 fortasse
344 4090 407 4135 non
432 4065 569 4135 deerunt
601 4064 720 4157 quibus
747 4064 866 4132 rectius
899 4062 962 4130 boc
996 4065 1188 4134 vocabulum
1286 4108 1289 4114 Α

93 4187 246 4278 explicari
270 4188 415 4258 uideatur
440 4212 477 4257 en
493 4189 652 4258 similibus
675 4188 769 4267 aliis,
796 4200 832 4253 ut
861 4185 998 4264 βούπαις
1021 4185 1188 4266 cassias,
