2828 4936
554 248 734 311 ..19..

96 441 197 525 Quem
231 449 468 526 pentametrum
499 436 603 501 minus
632 447 718 502 reete
751 437 995 527 interpretatum
1019 451 1098 528 puto
1123 443 1190 508 Eu·

95 558 250 628 stethium
276 557 313 623 ud
343 559 440 625 Hom.
465 554 528 623 0d.
553 578 588 644 p.
602 558 665 634 63,
688 559 748 626 ut.
778 558 877 624 ἰστέον
900 558 930 624 δὲ
953 557 999 625 ὅτι
1020 559 1116 625 αίτιον
1139 560 1190 626 uisi

92 686 167 764 παρ’
178 679 306 762 Ὁμήρῳ
320 679 356 744 τὸ
373 679 429 754 τίον
441 675 545 742 αἰτίαν
561 680 616 742 τοῦ
628 676 789 756 γινομένου
806 677 897 761 ἔχον,
916 680 942 745 οἱ
960 677 992 745 δὲ
1004 683 1073 761 μεθ’
1083 681 1189 760 “Osan-

93 826 143 884 ρον
163 800 215 868 stul
233 798 285 867 εἰσί
310 796 482 865 ὑπενθύνων
501 798 557 873 τίον
576 795 661 875 λέξιν
678 797 835 874 τιθέασιν,
860 802 899 873 oie
917 799 1036 877 tassio
1059 800 1193 884 νριίιίιας7

95 924 132 991 τὸ
163 917 296 994 »elusos
313 956 360 968 -—
377 917 624 1000 Kaaaspdxow
656 919 751 997 ίίνονν
768 919 930 996 irradiatos
956 921 1008 988 καί
1035 922 1191 997 κολάσεως

95 1042 202 1123 ἄξιος,
227 1040 592 1132 quamerplioutionem
613 1051 747 1130 propter
766 1038 854 1106 hune
875 1042 981 1130 ipsum
1000 1042 1133 1124 locum,
1158 1058 1195 1110 ut

96 1163 247 1241 ridetur,
270 1159 445 1228 confictam
468 1160 626 1251 nulloque
657 1159 722 1226 alio
743 1159 817 1226 loco
835 1159 994 1228 firmatum
1016 1162 1195 1252 probarunt

98 1286 167 1353 fere
184 1281 393 1350 recentiores.
437 1278 521 1349 llihi
541 1302 616 1347 uero
637 1302 745 1347 sensus
765 1284 833 1347 esse
853 1279 982 1347 ridetur-
1005 1279 1134 1348 »huius
1154 1281 1197 1349 de

97 1405 227 1496 iopsnio
247 1423 305 1470 suo
335 1397 448 1466 iudicii
472 1401 540 1490 ipse
562 1412 675 1467 auctor
704 1401 827 1468 exstitit
849 1399 1088 1480 Callimachus,
1112 1405 1193 1470 seri-

97 1521 357 1618 pais-causarum
374 1520 506 1590 libris.”
546 1520 613 1588 ilos
632 1521 719 1586 enim
739 1521 918 1591 carminum
937 1519 1039 1589 libros
1059 1523 1198 1591 maxime

100 1645 201 1714 eriles
225 1659 259 1712 et
291 1641 402 1731 stipite
426 1638 540 1731 dignos
570 1639 720 1708 habuisse
745 1640 871 1707 ridetur
895 1642 1112 1734 Apollonius,
1137 1657 1196 1724 ut,

103 1768 162 1834 nisi
184 1764 279 1834 Assia
309 1761 488 1852 scripsisset
519 1759 758 1842 Callimachus,
781 1759 844 1835 hoo
875 1761 917 1830 de
947 1766 1017 1831 eius
1043 1764 1198 1832 facultate

103 1887 225 1979 poetica
246 1881 404 1955 iudicium
426 1879 529 1948 videri
557 1883 657 1972 possit
687 1883 849 1973 iniquum.
894 1883 985 1951 Idem
1007 1877 1199 1975 Apollonius

105 2007 176 2074 aliis
203 2025 331 2096 quoque
358 2002 596 2092 epigrammatis
624 1999 1064 2083 cathecumenorum,
1089 2018 1125 2071 nt
1148 2006 1208 2071 in«

104 2127 260 2218 telligitur
278 2147 316 2192 er
339 2123 511 2202 lemmate,
536 2121 625 2214 quod
643 2125 826 2192 Antoninus
846 2123 1004 2193 Liberalis
1025 2126 1198 2194 Metamor-

101 2246 246 2339 phoseon
260 2245 360 2335 capiti
372 2243 496 2312 xxtll.
522 2243 736 2336 historiaeque
747 2244 788 2313 de
801 2246 896 2312 Batto
909 2296 918 2324 ,
933 2247 990 2336 qui
1003 2245 1200 2314 Mercurium

102 2367 214 2437 fraude
238 2355 316 2433 lusit
327 2415 337 2446 ,
362 2366 547 2455 inscripsita
573 2367 689 2447 ἱστορεῖ
711 2365 878 2448 Νίκανδρος
897 2366 1146 2449 Ἑτεροιουμένων
1164 2367 1200 2431 α’

102 2490 155 2558 sul
174 2486 310 2563 Ἡσίοδος
330 2487 362 2553 ἐν
382 2485 556 2567 Μεγάλαις
576 2485 693 2560 Ἠοίαις
718 2485 771 2551 καί
800 2485 1002 2568 Διδύμαρχος
1028 2495 1200 2569 Μεταμορ-

100 2612 228 2695 Φόοεων
246 2611 282 2691 γ’
302 2607 355 2675 καί
377 2606 553 2685 Ἀντίγονος
580 2606 704 2679 ἐντοῖς
728 2607 928 2673 Ἀλλοιιίσεσι
955 2605 1008 2672 καί
1036 2608 1199 2673 Ἀπολλω-

102 2755 159 2808 νιοο
171 2733 189 2798 ί
200 2729 310 2806 Ῥόδιος
322 2732 354 2796 ίν
366 2725 647 2811 Ἐπιγράμμασιν,
672 2724 710 2800 sta
730 2731 810 2809 Φνσι
828 2728 1016 2810 Παμφίλη
1036 2727 1067 2792 ἐν
1079 2729 1111 2791 α’
1135 2727 1199 2811 (l).

140 3047 164 3119 ι)
182 3044 276 3118 Scripsi
295 3045 436 3116 Παμφίλη
455 3060 501 3116 pro
517 3041 686 3115 Πάμφιλος.
712 3040 842 3116 Pamphili
862 3039 1046 3108 Alexandrini,
1065 3043 1200 3096 Gramma-

103 3128 194 3204 matici
227 3128 404 3214 Aristarchei,
432 3163 560 3219 magum
588 3146 696 3201 Lexicou
722 3149 789 3222 napi
814 3145 950 3222 γλωσσῶν
975 3149 1024 3202 uui
1051 3126 1201 3218 ὀνομάτων

102 3251 206 3326 saepius
224 3247 352 3322 ad'partes
370 3255 445 3302 uocat
465 3245 633 3318 Athenaeus,
652 3268 682 3304 ex
700 3250 798 3325 quibus
815 3250 940 3325 excerptis
955 3259 987 3304 ut
1005 3269 1034 3304 er
1049 3248 1104 3324 ipso
1121 3251 1203 3306 etiam

103 3353 187 3412 titulo
205 3360 279 3428 patet
296 3348 399 3407 fabulas
416 3369 446 3405 ex
471 3347 634 3426 mythologie
661 3349 753 3407 ductas
773 3353 801 3408 in
821 3371 850 3407 eo
868 3371 921 3407 non
942 3352 1096 3427 perscriptas
1116 3351 1202 3411 fuisse.

103 3458 153 3514 Sed
171 3455 307 3533 Pamphile
324 3453 484 3531 Epidauria,
502 3453 600 3510 mulier
617 3454 810 3528 eruditissima,
834 3457 862 3511 in
881 3455 1079 3512 Commentariis
1096 3457 1207 3536 Histori7

104 3564 158 3634 cis,
176 3560 464 3640 dequihnsSuidas,v.
483 3564 642 3637 Παμφίλη,
663 3562 800 3640 ἱστορικοί
818 3561 1008 3637 ὑπομνήματα
1022 3561 1055 3619 ἐν
1073 3563 1204 3638 βιβλίοις

106 3671 168 3747 λβ,
186 3667 329 3744 ἐπιτομῆν
348 3667 405 3725 τῶν
431 3671 565 3742 Κτησίου
582 3667 614 3725 ἓν
633 3668 765 3742 βιβλίοις
784 3675 826 3747 γ’,
846 3668 988 3743 ἑοιιτομάς
1015 3669 1154 3746 ἱστοριῶν
1173 3691 1204 3728 rs

107 3781 156 3848 stul
171 3775 277 3854 ἑτέρων
296 3775 421 3849 βιβλίων
444 3777 665 3852 emulatores,
684 3775 811 3851 plurimas
837 3775 940 3833 fabulas
958 3785 987 3832 et
1004 3764 1119 3833 labellus·
1130 3795 1204 3833 euar-

107 3884 192 3953 rurit,
211 3903 237 3942 v.
260 3881 331 3938 uait.
350 3884 380 3936 ll.
399 3885 429 3939 Α.
445 3886 507 3953 XV,
526 3885 571 3938 17.
590 3886 616 3938 8.
642 3884 687 3938 23.
705 3885 752 3952 2.,
774 3880 936 3958 singulisque
958 3879 1096 3936 Verianum
1118 3879 1205 3934 Histo-

106 3989 207 4044 riarum
225 3985 355 4063 capitibus
379 3985 491 4042 indieem
517 3984 644 4041 addidisse
662 3985 767 4040 videtur
794 3986 949 4060 scriptorum
975 3993 1002 4039 et
1026 3982 1155 4037 librorum
1174 4001 1205 4036 ex

107 4091 203 4169 quibos
220 4110 268 4149 sua
284 4092 455 4150 deaumserat.
492 4095 565 4164 Quae
589 4098 674 4166 qaum
693 4093 791 4147 Nerone
809 4091 956 4166 imperante
973 4087 1085 4156 suerit,
1105 4084 1205 4164 aliquass

107 4208 185 4256 tenne
204 4198 298 4258 saltem
313 4197 345 4256 de
360 4189 446 4256 aetate
464 4216 516 4274 qua
531 4195 669 4253 floruerint
688 4192 877 4271 Didymarehus
891 4204 918 4250 et
934 4193 1081 4270 Antigonus
1097 4202 1204 4250 constat.

928 4298 977 4360 2ο
