2828 4936
600 253 796 320 -184-

155 404 261 519 rrapss
297 437 331 504 in
362 435 425 505 lrcc
453 460 498 508 rs.
522 444 555 507 3.
588 437 668 506 dure
695 437 777 504 mihi
813 436 936 503 dictam
966 435 1116 504 ridetur:
1151 437 1263 522 dyeia

154 555 262 640 χρόνος
292 580 352 650 pro
380 555 469 634 οὗτος
492 557 557 642 γὰρ
579 558 595 624 ὅ
617 556 735 643 χρόνος.
783 557 898 648 Neque
925 555 987 624 sibi
1015 557 1166 624 constitit
1197 558 1263 627 ce·

153 677 265 768 phalae
294 681 351 771 qui
374 680 517 748 carmina
550 679 712 747 Leonidae
740 676 951 747 Alexandrini
975 676 1044 757 vl,
1069 680 1151 748 321.
1178 681 1262 748 322.
1291 692 1294 697 ’

152 801 233 869 323.
258 803 336 871 327.
362 803 439 870 328.
465 812 498 868 et
520 800 692 869 Nicodemi
713 799 923 868 Heracleotae
951 819 981 866 c.
1006 801 1203 869 ert-321.-
1229 800 1262 867 in

152 919 274 987 librum
296 919 430 989 Sextum
462 921 634 1002 retulerit,
658 919 723 987 alia
745 942 822 987 raro
851 940 948 1011 parea
972 921 1116 987 carmina
1137 919 1179 987 ad
1203 944 1262 1013 pa·

154 1053 299 1108 trouosa
320 1044 425 1134 poetis
455 1045 574 1135 scripta
605 1045 639 1110 in
668 1043 789 1110 librum
813 1039 956 1109 Nouum.
1005 1041 1047 1108 Et
1066 1039 1150 1110 falso
1173 1042 1263 1112 inter

154 1161 346 1253 sepulcralia
374 1162 536 1232 inferendi
564 1174 655 1231 eraut
684 1184 792 1230 versus
813 1160 976 1230 Leonidae
993 1172 1117 1231 statuae
1137 1164 1263 1232 Archi·

153 1283 242 1353 lochi
272 1285 418 1375 inseripti
452 1285 767 1365 s.t³.v11,oot.
801 1297 834 1352 et
859 1282 1058 1373 Asclepiadis
1090 1285 1125 1353 in
1159 1285 1262 1354 Erin-

150 1427 224 1474 nam
245 1406 331 1487 vn,
359 1410 413 1476 11.
913 1440 916 1449 ·

242 1531 283 1594 ‘0
306 1527 428 1607 γλυκὺς
452 1529 588 1611 Ἠρίνννς
611 1525 699 1603 οὗτος
717 1526 831 1605 τόνος,
855 1527 928 1611 οὐχὶ
952 1527 1050 1603 πολὺς
1073 1527 1156 1608 μὲν,

333 1651 373 1726 ὥς
392 1648 433 1717 ἂν
454 1652 641 1733 eustasium
663 1649 970 1727 ἔννεονοοοδεκέτενς,

243 1770 321 1839 ἀλλ’
343 1769 451 1854 ἑτέρον
472 1776 596 1839 πολλῶν
614 1768 842 1854 δυνατώτερος·
864 1770 890 1837 ai
914 1771 941 1837 δ’
964 1768 1082 1846 Attea
1105 1793 1171 1850 μον

332 1893 379 1974 μὴ
401 1892 509 1976 ταχὺς
533 1889 629 1972 ἦλθε,
652 1891 703 1969 τίς
725 1887 766 1961 ἂν
783 1892 914 1961 retices
935 1889 1009 1975 ἔσχ’
1031 1889 1155 1972 deonna
1254 1972 1258 1981 .

154 2010 212 2096 nbi
237 2009 445 2081 scribendum
475 2025 545 2081 est:
570 2012 598 2081 ai
624 2012 652 2080 δ’
671 2012 782 2090 Ἀΐδαο
801 2014 828 2081 oi
855 2015 902 2094 nis
922 2013 1030 2097 ταχὺς
1053 2010 1141 2093 ἦλθε.
1170 2014 1261 2085 ttoc

150 2134 349 2227 epigramma
372 2133 457 2201 enim
477 2134 512 2201 iu
533 2134 642 2201 fronte
658 2132 780 2201 codicis
802 2136 836 2203 in
857 2155 922 2226 quo
943 2133 1086 2202 Erinnae
1112 2135 1259 2207 eumn·

151 2255 271 2347 scripta
298 2266 413 2335 eraut,
437 2254 559 2324 lectum
589 2254 677 2334 teia,
702 2255 743 2322 da
771 2268 1004 2346 quo-reterum
1026 2256 1258 2327 muraenulae

151 2373 262 2449 ovidii
283 2396 391 2445 uersus
414 2375 511 2445 Triat.
532 2374 572 2454 1,
599 2378 632 2445 7.
651 2376 708 2445 33.
775 2440 777 2445 .

241 2497 309 2568 llos
332 2518 464 2589 quoque
486 2519 538 2565 ser
561 2519 670 2565 sersus
691 2499 726 2565 in
746 2500 850 2589 prima
873 2499 981 2566 fronte
1003 2496 1108 2565 libelli

332 2619 370 2688 si
386 2619 631 2711 praeponendae
652 2638 721 2687 esse
743 2621 874 2710 putabis
896 2620 1004 2700 habe,

153 2755 185 2811 et
213 2739 394 2810 Martialem
428 2739 452 2809 l.
470 2739 543 2820 lx,
571 2744 604 2809 1.
651 2741 891 2831 »Epigramma
925 2741 1012 2831 quod
1044 2752 1134 2809 ertra
1166 2728 1257 2811 ordi-

150 2884 225 2930 nem
244 2863 432 2952 paginarum
453 2874 517 2929 est.
544 2860 583 2927 ad
605 2859 795 2929 Stertinium
814 2863 1026 2931 clarissimum
1047 2864 1155 2931 sirum
1175 2866 1258 2933 scri·

151 2982 297 3074 psimns,
323 2982 381 3071 qui
411 2982 584 3070 imaginem
611 3003 715 3048 meam
746 2992 866 3072 ponere
899 2985 933 3050 in
966 2982 1168 3073 bibliotheca
1201 3008 1256 3053 ana

149 3102 293 3172 uoluit.'’
340 3101 495 3171 Eiusdem
528 3100 727 3192 Asclepiadis
759 3101 830 3168 dno'
858 3101 920 3169 alia
948 3102 1094 3175 eiusdem
1126 3109 1256 3195 pencris

142 3240 189 3309 ¹ut
212 3225 339 3295 uidetur
356 3227 499 3293 carmina
520 3226 561 3293 in
574 3224 695 3307 librum
721 3224 851 3293 Nouum
868 3226 1012 3306 retulit.
1037 3244 1180 3318 quotum
1207 3229 1255 3297 al·

151 3362 257 3419 terum
280 3350 314 3417 in
336 3344 525 3417 Antimachi
549 3346 661 3437 Lpdeu
686 3348 728 3416 Δ.
752 3346 789 3417 P.
811 3348 882 3423 tx,
905 3351 961 3415 63.

242 3469 330 3545 Λύδν
354 3467 407 3537 καὶ
427 3468 515 3549 γένος
539 3468 603 3549 εἰμὶ
627 3469 680 3535 eei
703 3467 843 3548 οὔνομοο·
867 3472 926 3534 τῶν
948 3466 975 3533 δ’
997 3469 1062 3535 ἀπὸ
1084 3469 1203 3553 Κόδρον

329 3590 496 3673 conscrips
520 3594 629 3657 ποτῶν
651 3589 715 3670 εἰμὶ
738 3590 776 3681 ἕν’
796 3588 1011 3671 Ἀντίμαχον·

240 3711 287 3786 τίς
304 3711 369 3793 γὰρ
393 3710 443 3790 ἔμ’
466 3713 521 3777 οὐκ
537 3711 670 3794 1ἥενοες
694 3709 742 3785 τίς
765 3713 819 3779 οὐκ
838 3709 1011 3788 ἄνελέξοοτο
1031 3711 1157 3790 Λύδην,

331 3833 368 3899 τὸ
390 3830 477 3908 ξυνὸν
500 3836 629 3901 Μουσῶν
648 3831 791 3915 γράμμα
808 3831 867 3898 usui
891 3832 1116 3916 ‘Auernuixoua
1139 3846 1160 3905 ’.

151 3955 216 4027 Ubi
250 3979 295 4023 rs.
318 3960 351 4023 3.
385 3978 445 4045 pro
468 3955 550 4031 ἤεντε
585 3956 672 4045 quod
705 3977 796 4022 sensu
828 3978 937 4024 carere
972 3955 1123 4037 videtur,
1148 3979 1254 4049 quum

149 4075 336 4147 Antimachi
365 4098 491 4143 carmen
524 4075 697 4164 elegiacum
732 4090 893 4146 cantatum
927 4077 1024 4146 luisse
1058 4101 1176 4169 parum
1212 4083 1255 4149 ait
